Value Date	Description	LEDGER	Ref No./Cheque No.	Branch Code	        Debit	Credit	Balance
01-Feb-21	   CSH DEP (CDM)-9092052786--	Cash	 / 	4292	 	"31,000.00"	"9,58,999.09"
01-Feb-21	   BULK POSTING-CR_TAMILNADU SANITARY STO             05548442  31--	CREDIT CARD SALES	 / 	16899	 	"3,054.08"	"9,62,053.17"
01-Feb-21	   CASH DEPOSIT-CASH DEPOSIT SELF--	Cash	 / 	40236	 	"4,000.00"	"9,66,053.17"
01-Feb-21	CHEQUE WDL- TO ABBAS HATIMBHOY KHORAIKIWALA--116711	Cash	TRANSFER FROM 20038598235                         Mr. ABBAS  HATIMBHOY K / 116711	40236	"3,000.00"	 	"9,63,053.17"
01-Feb-21	CHEQUE WDL- TO ABBAS HATIMBHOY KHORAIKIWALA--116710	Cash	TRANSFER FROM 20038598235                         Mr. ABBAS  HATIMBHOY K / 116710	40236	"30,000.00"	 	"9,33,053.17"
01-Feb-21	   TO TRANSFER-INB NEFT UTR NO: SBIN521032035163--AAA PEE Appliances	AAA PEE APPLIANCES	NEFT INB: CNABIBZYC9                              TRANSFER TO 3197944044306 / AAA PEE Appliances	99922	"6,370.00"	 	"9,26,683.17"
02-Feb-21	   CASH DEPOSIT-CASH DEPOSIT SELF--	Cash	 / 	40236	 	"10,000.00"	"9,36,683.17"
02-Feb-21	   BULK POSTING-CR_TAMILNADU SANITARY STO             05549442  01--	CREDIT CARD SALES	 / 	16899	 	"22,699.26"	"9,59,382.43"
02-Feb-21	   BULK POSTING-CR_TAMILNADU SANITARY STO             05548442  01--	CREDIT CARD SALES	 / 	16899	 	"3,218.23"	"9,62,600.66"
02-Feb-21	BY CLEARING / CHEQUE-BOI   BY CLEARING CHQ 134437 MICR 600013011--134437	Clg	 / 134437	10395	 	"15,540.00"	"9,78,140.66"
02-Feb-21	   BY TRANSFER-INB IMPS103315672668/9840484964/XX6442/--	SUSPENSE	MAA000684103000          MAA000684103000          TRANSFER FROM 4897965162096 / 	99922	 	"21,700.00"	"9,99,840.66"
03-Feb-21	   TO TRANSFER-INB NEFT UTR NO: SBIN121034861001--Lakshmi Hayagrivaa Maarketing	LAKSHMI HAYAGRIVAA MARKETING	NEFT INB: CNABIDVSP0                              TRANSFER TO 3197944044306 / Lakshmi Hayagrivaa Maarketing	99922	"8,866.00"	 	"9,90,974.66"
03-Feb-21	   TO TRANSFER-INB NEFT UTR NO: SBIN121034861494--Andavar Marketing PVT LTD	Andavar Marketing Pvt. Ltd.	NEFT INB: CNABIDVSY3                              TRANSFER TO 3197944044306 / Andavar Marketing PVT LTD	99922	"13,768.00"	 	"9,77,206.66"
03-Feb-21	   TO TRANSFER-INB NEFT UTR NO: SBIN121034862389--TRISHLA AGENCIES	Trishla Agencies	NEFT INB: CNABIDVUU7                              TRANSFER TO 3197944044306 / TRISHLA AGENCIES	99922	933	 	"9,76,273.66"
03-Feb-21	   TO TRANSFER-INB NEFT UTR NO: SBIN121034862778--TRISHLA CORPORATION	Trishla Corporation	NEFT INB: CNABIDVTX3                              TRANSFER TO 3197944044306 / TRISHLA CORPORATION	99922	"3,020.00"	 	"9,73,253.66"
03-Feb-21	   TO TRANSFER-INB NEFT UTR NO: SBIN121034863337--National Ceramic Centre	National Ceramic Centre	NEFT INB: CNABIDVVL4                              TRANSFER TO 3197944044306 / National Ceramic Centre	99922	"4,500.00"	 	"9,68,753.66"
03-Feb-21	   TO TRANSFER-INB NEFT UTR NO: SBIN121034864346--NOBEL TILES WORLD	Nobel Tiles World	NEFT INB: CNABIDVXJ7                              TRANSFER TO 3197944044306 / NOBEL TILES WORLD	99922	"13,000.00"	 	"9,55,753.66"
03-Feb-21	   TO TRANSFER-INB NEFT UTR NO: SBIN121034863768--Sattar Sanitary Stores	Sattar Sanitary Stores	NEFT INB: CNABIDVYR8                              TRANSFER TO 3197944044306 / Sattar Sanitary Stores	99922	"7,717.00"	 	"9,48,036.66"
03-Feb-21	   TO TRANSFER-INB NEFT UTR NO: SBIN121034866638--SRI SENI Enterprises	SRI Seni Enterprises	NEFT INB: CNABIDVZU7                              TRANSFER TO 3197944044306 / SRI SENI Enterprises	99922	"11,680.00"	 	"9,36,356.66"
03-Feb-21	   TO TRANSFER-INB NEFT UTR NO: SBIN121034867097--D S Associates	D.S.Associates	NEFT INB: CNABIDWAL2                              TRANSFER TO 3197944044306 / D S Associates	99922	"10,585.00"	 	"9,25,771.66"
03-Feb-21	BY CLEARING / CHEQUE-BOB   BY CLEARING CHQ 000532 MICR 600012009--532	Clg	 / 532	10395	 	"5,000.00"	"9,30,771.66"
03-Feb-21	   CASH DEPOSIT-CASH DEPOSIT SELF--	Cash	 / 	40236	 	"17,000.00"	"9,47,771.66"
04-Feb-21	TO CLEARING-UBI   GALAXY SALES TRADING CORP--116712	GALAXY SALES TRADING CORPORATION	 / 116712	10395	"4,390.00"	 	"9,43,381.66"
04-Feb-21	CHEQUE WDL- TO GOLDEN HARDWARE CENTRE--116705	CASH	TRANSFER FROM 32818937606                         GOLDEN HARDWARE CENTRE / 116705	40236	"1,485.00"	 	"9,41,896.66"
04-Feb-21	   BULK POSTING-CR_TAMILNADU SANITARY STO             05549442  03--	CREDIT CARD SALES	 / 	16899	 	"3,324.32"	"9,45,220.98"
04-Feb-21	   CASH DEPOSIT-CASH DEPOSIT SELF--	Cash	 / 	40236	 	"19,000.00"	"9,64,220.98"
04-Feb-21	BY CLEARING / CHEQUE-CBI   BY CLEARING CHQ 120929 MICR 600016003--120929	CLG	 / 120929	10395	 	"1,725.00"	"9,65,945.98"
04-Feb-21	   TO TRANSFER-INB NEFT UTR NO: SBIN321035686467--AAA PEE Appliances	AAA PEE APPLIANCES	NEFT INB: CNABIFWTG5                              TRANSFER TO 3197944044306 / AAA PEE Appliances	99922	"4,753.00"	 	"9,61,192.98"
05-Feb-21	   CSH DEP (CDM)-9092052786--	Cash	 / 	4292	 	"18,500.00"	"9,79,692.98"
05-Feb-21	   BULK POSTING-CR_TAMILNADU SANITARY STO             05549442  04--	CREDIT CARD SALES	 / 	16899	 	"6,847.84"	"9,86,540.82"
05-Feb-21	   BULK POSTING-CR_TAMILNADU SANITARY STO             05548442  04--	CREDIT CARD SALES	 / 	16899	 	"3,980.00"	"9,90,520.82"
05-Feb-21	   BY TRANSFER-INB personal--	Sarangarajan V K	IT00DKEQU5               TRANSFER FROM 31277586768                         Mr. SARANGARAJAN  V K / 	99922	 	100	"9,90,620.82"
05-Feb-21	   TO TRANSFER-INB NEFT UTR NO: SBIN421036341905--Mylapore Gardens Residents Associat	Mylapore Gardens Residents Association	NEFT INB: CNABIGSUS3                              TRANSFER TO 3197944044306 / Mylapore Gardens Residents Associat	99922	"4,000.00"	 	"9,86,620.82"
05-Feb-21	   TO TRANSFER-INB NEFT UTR NO: SBIN421036873224--Andavar Marketing PVT LTD	Andavar Marketing Pvt. Ltd.	NEFT INB: CNABIHEJQ5                              TRANSFER TO 3197944044306 / Andavar Marketing PVT LTD	99922	"19,764.00"	 	"9,66,856.82"
05-Feb-21	   TO TRANSFER-INB NEFT UTR NO: SBIN421036879136--AJANTHA BATHROOM PRODUCTS AND PIPES	Ajantha Bathroom Products and Pipes Pvt Ltd	NEFT INB: CNABIHEKF2                              TRANSFER TO 3197944044306 / AJANTHA BATHROOM PRODUCTS AND PIPES	99922	"23,930.00"	 	"9,42,926.82"
05-Feb-21	   TO TRANSFER-INB NEFT UTR NO: SBIN421036881347--K M CERAMICS	K M CERAMICS	NEFT INB: CNABIHELM5                              TRANSFER TO 3197944044306 / K M CERAMICS	99922	"12,000.00"	 	"9,30,926.82"
05-Feb-21	   TO TRANSFER-INB NEFT UTR NO: SBIN421036888794--K M CERAMICS	K M CERAMICS	NEFT INB: CNABIHEOM5                              TRANSFER TO 3197944044306 / K M CERAMICS	99922	780	 	"9,30,146.82"
05-Feb-21	   TO TRANSFER-INB NEFT UTR NO: SBIN421036895757--NOBEL TILES WORLD	Nobel Tiles World	NEFT INB: CNABIHEPI6                              TRANSFER TO 3197944044306 / NOBEL TILES WORLD	99922	"12,000.00"	 	"9,18,146.82"
05-Feb-21	   TO TRANSFER-INB NEFT UTR NO: SBIN421036904375--BHARATH Enterprises	Bharath Enterprises	NEFT INB: CNABIHERN2                              TRANSFER TO 3197944044306 / BHARATH Enterprises	99922	"10,997.00"	 	"9,07,149.82"
05-Feb-21	   TO TRANSFER-INB NEFT UTR NO: SBIN421036910383--MANGALAM SANITARY	Mangalam Sanitary	NEFT INB: CNABIHEUM5                              TRANSFER TO 3197944044306 / MANGALAM SANITARY	99922	"13,529.00"	 	"8,93,620.82"
06-Feb-21	TO CLEARING-HDF   NATIONALCERAMICCENTRE--116709	National Ceramic Centre	 / 116709	10395	"12,480.00"	 	"8,81,140.82"
06-Feb-21	   CSH DEP (CDM)-9092052786--	Cash	 / 	4292	 	"17,000.00"	"8,98,140.82"
06-Feb-21	   TO TRANSFER-INB Salary Payment--	Kasi - Salary Payable	CTM5547540               TRANSFER TO 32950808735                           Mr. KASI  R / 	99922	"17,000.00"	 	"8,81,140.82"
06-Feb-21	   TO TRANSFER-INB Salary Payment--	Naushad - Salary Payable	CTM5547989               TRANSFER TO 31054735034                           Mr. NOUSHAD  ABDUL SAL / 	99922	"14,500.00"	 	"8,66,640.82"
06-Feb-21	   TO TRANSFER-INB Payment towards Invoice/Bill--	Nellai Ceramic Centre	CTM5548401               TRANSFER TO 57002369188                           NELLAI CERAMIC CENTRE / 	99922	"2,945.00"	 	"8,63,695.82"
06-Feb-21	   TO TRANSFER-INB NEFT UTR NO: SBIN521037233941--WATERTEC INDIA PVT LTD	Watertec (India) Pvt. Ltd.	NEFT INB: CNABIHLXN2                              TRANSFER TO 3197944044306 / WATERTEC INDIA PVT LTD	99922	"14,057.00"	 	"8,49,638.82"
06-Feb-21	   TO TRANSFER-INB NEFT UTR NO: SBIN521037235084--G Shanmugam Traders	G. SHANMUGA TRADERS	NEFT INB: CNABIHLZJ9                              TRANSFER TO 3197944044306 / G Shanmugam Traders	99922	"2,990.00"	 	"8,46,648.82"
06-Feb-21	   BULK POSTING-CR_TAMILNADU SANITARY STO             05548442  05--	CREDIT CARD SALES	 / 	16899	 	"1,860.10"	"8,48,508.92"
06-Feb-21	   BULK POSTING-CR_TAMILNADU SANITARY STO             05549442  05--	CREDIT CARD SALES	 / 	16899	 	"1,423.70"	"8,49,932.62"
06-Feb-21	   CASH DEPOSIT-CASH DEPOSIT SELF--	Cash	 / 	40236	 	"8,000.00"	"8,57,932.62"
06-Feb-21	BY CLEARING / CHEQUE-PNB   BY CLEARING CHQ 158958 MICR 600024029--158958	CLG	 / 158958	10395	 	"27,940.00"	"8,85,872.62"
07-Feb-21	   BULK POSTING-CR_TAMILNADU SANITARY STO             05549442  06--	CREDIT CARD SALES	 / 	16899	 	"19,611.67"	"9,05,484.29"
07-Feb-21	   BULK POSTING-CR_TAMILNADU SANITARY STO             05548442  06--	CREDIT CARD SALES	 / 	16899	 	"13,166.94"	"9,18,651.23"
08-Feb-21	   CSH DEP (CDM)-9092052786--	Cash	 / 	4292	 	"38,000.00"	"9,56,651.23"
08-Feb-21	   TO TRANSFER-INB NEFT UTR NO: SBIN121039506186--Sattar Sanitary Stores	Sattar Sanitary Stores	NEFT INB: CNABIIZCV3                              TRANSFER TO 3197944044306 / Sattar Sanitary Stores	99922	"3,894.00"	 	"9,52,757.23"
08-Feb-21	   TO TRANSFER-INB NEFT UTR NO: SBIN121039507103--SRI SENI Enterprises	SRI Seni Enterprises	NEFT INB: CNABIIZFK4                              TRANSFER TO 3197944044306 / SRI SENI Enterprises	99922	"19,232.00"	 	"9,33,525.23"
08-Feb-21	   TO TRANSFER-INB NEFT UTR NO: SBIN121039508651--SHYAMS ENTERPRISES	Shyam's Enterprises	NEFT INB: CNABIIZJB9                              TRANSFER TO 3197944044306 / SHYAMS ENTERPRISES	99922	"4,987.00"	 	"9,28,538.23"
08-Feb-21	   TO TRANSFER-INB NEFT UTR NO: SBIN121039509998--D S Associates	D.S.Associates	NEFT INB: CNABIIZKC9                              TRANSFER TO 3197944044306 / D S Associates	99922	"19,495.00"	 	"9,09,043.23"
08-Feb-21	   TO TRANSFER-INB NEFT UTR NO: SBIN121039511484--MANGALAM SANITARY	Mangalam Sanitary	NEFT INB: CNABIIZLE5                              TRANSFER TO 3197944044306 / MANGALAM SANITARY	99922	"12,238.00"	 	"8,96,805.23"
08-Feb-21	   TO TRANSFER-INB NEFT UTR NO: SBIN121039511774--K M ASSOCIATES	K.M.Associates	NEFT INB: CNABIIZME7                              TRANSFER TO 3197944044306 / K M ASSOCIATES	99922	"4,104.00"	 	"8,92,701.23"
08-Feb-21	   TO TRANSFER-INB NEFT UTR NO: SBIN121039512179--Annam Enterprises	Annam Enterprises	NEFT INB: CNABIIZND4                              TRANSFER TO 3197944044306 / Annam Enterprises	99922	"8,423.00"	 	"8,84,278.23"
08-Feb-21	   TO TRANSFER-INB NEFT UTR NO: SBIN121039513167--SUPER TRADING CORPORATION	Super Trading Corporation	NEFT INB: CNABIIZNN5                              TRANSFER TO 3197944044306 / SUPER TRADING CORPORATION	99922	"10,093.00"	 	"8,74,185.23"
08-Feb-21	   TO TRANSFER-INB NEFT UTR NO: SBIN121039512764--Expanded Metal Mart	Expanded Metal Mart	NEFT INB: CNABIIZOV8                              TRANSFER TO 3197944044306 / Expanded Metal Mart	99922	"20,000.00"	 	"8,54,185.23"
08-Feb-21	   TO TRANSFER-INB NEFT UTR NO: SBIN121039556818--G Shanmugam Traders	G. SHANMUGA TRADERS	NEFT INB: CNABIJBUT3                              TRANSFER TO 3197944044306 / G Shanmugam Traders	99922	"20,000.00"	 	"8,34,185.23"
08-Feb-21	   TO TRANSFER-INB NEFT UTR NO: SBIN121039559012--Andavar Marketing PVT LTD	Andavar Marketing Pvt. Ltd.	NEFT INB: CNABIJBWU0                              TRANSFER TO 3197944044306 / Andavar Marketing PVT LTD	99922	"5,460.00"	 	"8,28,725.23"
08-Feb-21	   TO TRANSFER-INB NEFT UTR NO: SBIN121039560619--Andavar Marketing PVT LTD	Andavar Marketing Pvt. Ltd.	NEFT INB: CNABIJCBC8                              TRANSFER TO 3197944044306 / Andavar Marketing PVT LTD	99922	"15,764.00"	 	"8,12,961.23"
08-Feb-21	   BULK POSTING-CR_TAMILNADU SANITARY STO             05549442  07--	CREDIT CARD SALES	 / 	16899	 	846.6	"8,13,807.83"
08-Feb-21	   BULK POSTING-CR_TAMILNADU SANITARY STO             05548442  07--	CREDIT CARD SALES	 / 	16899	 	"2,275.57"	"8,16,083.40"
08-Feb-21	   CASH DEPOSIT-CASH DEPOSIT SELF--	Cash	 / 	40236	 	"8,000.00"	"8,24,083.40"
08-Feb-21	   BY TRANSFER-INB IMPS103917122345/9840484964/XX6442/--	SUSPENSE	MAC000651341624          MAC000651341624          TRANSFER FROM 4897959162093 / 	99922	 	"34,170.00"	"8,58,253.40"
09-Feb-21	   CSH DEP (CDM)-9092052786--	Cash	 / 	4292	 	"23,000.00"	"8,81,253.40"
09-Feb-21	   BULK POSTING-CR_TAMILNADU SANITARY STO             05548442  08--	CREDIT CARD SALES	 / 	16899	 	"4,281.54"	"8,85,534.94"
09-Feb-21	   BULK POSTING-CR_TAMILNADU SANITARY STO             05549442  08--	CREDIT CARD SALES	 / 	16899	 	"8,271.22"	"8,93,806.16"
09-Feb-21	BY CLEARING / CHEQUE-UBI   BY CLEARING CHQ 289354 MICR 600026005--289354	CLG	 / 289354	10395	 	"10,350.00"	"9,04,156.16"
09-Feb-21	TO DEBIT THROUGH CHEQUE-SBI--116715	Cash	 / 116715	40236	"30,000.00"	 	"8,74,156.16"
09-Feb-21	TO DEBIT THROUGH CHEQUE-SBI--116716	Cash	 / 116716	40236	"3,000.00"	 	"8,71,156.16"
10-Feb-21	TO CLEARING-CBI   SREE BHARATH--116714	SREE BHARATH COMPUTERS	 / 116714	10395	"1,244.00"	 	"8,69,912.16"
10-Feb-21	   CSH DEP (CDM)-9092052786--	Cash	 / 	4292	 	"24,000.00"	"8,93,912.16"
10-Feb-21	   BULK POSTING-CR_TAMILNADU SANITARY STO             05549442  09--	CREDIT CARD SALES	 / 	16899	 	"2,720.79"	"8,96,632.95"
10-Feb-21	   BULK POSTING-CR_TAMILNADU SANITARY STO             05548442  09--	CREDIT CARD SALES	 / 	16899	 	"8,743.26"	"9,05,376.21"
10-Feb-21	   TO TRANSFER-INB NEFT UTR NO: SBIN421041431684--Andavar Marketing PVT LTD	Andavar Marketing Pvt. Ltd.	NEFT INB: CNABIMEXG9                              TRANSFER TO 3197944044306 / Andavar Marketing PVT LTD	99922	"17,815.00"	 	"8,87,561.21"
10-Feb-21	   TO TRANSFER-INB NEFT UTR NO: SBIN421041438677--Sultan Sanitary Stores	Sultan Sanitary World	NEFT INB: CNABIMFAC2                              TRANSFER TO 3197944044306 / Sultan Sanitary Stores	99922	"2,838.00"	 	"8,84,723.21"
10-Feb-21	   TO TRANSFER-INB NEFT UTR NO: SBIN421041447883--Paandurangaa Binding and Printing	Paandurangaa Binding and Printing	NEFT INB: CNABIMFFN0                              TRANSFER TO 3197944044306 / Paandurangaa Binding and Printing	99922	"2,600.00"	 	"8,82,123.21"
10-Feb-21	   TO TRANSFER-INB NEFT UTR NO: SBIN421041456612--FRIENDLY SERVICES	Friendly Services	NEFT INB: CNABIMFJI4                              TRANSFER TO 3197944044306 / FRIENDLY SERVICES	99922	"1,089.00"	 	"8,81,034.21"
10-Feb-21	   TO TRANSFER-INB NEFT UTR NO: SBIN421041458912--AJANTHA BATHROOM PRODUCTS AND PIPES	Ajantha Bathroom Products and Pipes Pvt Ltd	NEFT INB: CNABIMFMJ5                              TRANSFER TO 3197944044306 / AJANTHA BATHROOM PRODUCTS AND PIPES	99922	"15,909.00"	 	"8,65,125.21"
10-Feb-21	   TO TRANSFER-INB NEFT UTR NO: SBIN421041462320--NOBEL TILES WORLD	Nobel Tiles World	NEFT INB: CNABIMFNU4                              TRANSFER TO 3197944044306 / NOBEL TILES WORLD	99922	"11,585.00"	 	"8,53,540.21"
10-Feb-21	   TO TRANSFER-INB NEFT UTR NO: SBIN421041465543--GUPTA SALES CORPORATION	Gupta Sales Corporation	NEFT INB: CNABIMFQA1                              TRANSFER TO 3197944044306 / GUPTA SALES CORPORATION	99922	"2,636.00"	 	"8,50,904.21"
10-Feb-21	   TO TRANSFER-INB NEFT UTR NO: SBIN421041468986--Shiv Shakti Agencies	Shiv Shakti Agencies	NEFT INB: CNABIMFQP2                              TRANSFER TO 3197944044306 / Shiv Shakti Agencies	99922	"4,843.00"	 	"8,46,061.21"
10-Feb-21	   CSH DEP (CDM)-9092052786--	Cash	 / 	4292	 	"13,000.00"	"8,59,061.21"
10-Feb-21	   BY TRANSFER-INB Payment for material supp--	Sarangarajan V K	IT00DNLFT9               TRANSFER FROM 31277586768                         Mr. SARANGARAJAN  V K / 	99922	 	"94,830.00"	"9,53,891.21"
11-Feb-21	   BULK POSTING-CR_TAMILNADU SANITARY STO             05548442  10--	CREDIT CARD SALES	 / 	16899	 	"33,697.77"	"9,87,588.98"
11-Feb-21	BY CLEARING / CHEQUE-HDF   BY CLEARING CHQ 000270 MICR 600240028--270	CLG	 / 270	10395	 	"9,500.00"	"9,97,088.98"
12-Feb-21	   TO TRANSFER-INB NEFT UTR NO: SBIN121043287767--Andavar Marketing PVT LTD	Andavar Marketing Pvt. Ltd.	NEFT INB: CNABIOFPG7                              TRANSFER TO 3197944044306 / Andavar Marketing PVT LTD	99922	"19,656.00"	 	"9,77,432.98"
12-Feb-21	   TO TRANSFER-INB NEFT UTR NO: SBIN121043288394--NOVELTY	NOVELTY	NEFT INB: CNABIOFUC4                              TRANSFER TO 3197944044306 / NOVELTY	99922	"6,728.00"	 	"9,70,704.98"
12-Feb-21	   TO TRANSFER-INB NEFT UTR NO: SBIN121043289373--National Ceramic Centre	National Ceramic Centre	NEFT INB: CNABIOFTZ3                              TRANSFER TO 3197944044306 / National Ceramic Centre	99922	"1,840.00"	 	"9,68,864.98"
12-Feb-21	   TO TRANSFER-INB Payment towards Invoice/Bill--	Nellai Ceramic Centre	CTM6513582               TRANSFER TO 57002369188                           NELLAI CERAMIC CENTRE / 	99922	"5,275.00"	 	"9,63,589.98"
12-Feb-21	   TO TRANSFER-INB NEFT UTR NO: SBIN121043297303--G Shanmugam Traders	G. SHANMUGA TRADERS	NEFT INB: CNABIOGAP7                              TRANSFER TO 3197944044306 / G Shanmugam Traders	99922	"6,805.00"	 	"9,56,784.98"
12-Feb-21	   TO TRANSFER-INB NEFT UTR NO: SBIN121043297887--SRI SENI Enterprises	SRI Seni Enterprises	NEFT INB: CNABIOGCP4                              TRANSFER TO 3197944044306 / SRI SENI Enterprises	99922	"14,935.00"	 	"9,41,849.98"
12-Feb-21	   TO TRANSFER-INB NEFT UTR NO: SBIN121043300314--D S Associates	D.S.Associates	NEFT INB: CNABIOGDB4                              TRANSFER TO 3197944044306 / D S Associates	99922	"32,645.00"	 	"9,09,204.98"
12-Feb-21	   TO TRANSFER-INB NEFT UTR NO: SBIN121043303337--Sri Kesava Traders	Sri Keshava Traders	NEFT INB: CNABIOGET2                              TRANSFER TO 3197944044306 / Sri Kesava Traders	99922	"9,620.00"	 	"8,99,584.98"
12-Feb-21	   TO TRANSFER-INB NEFT UTR NO: SBIN121043303869--MANGALAM SANITARY	Mangalam Sanitary	NEFT INB: CNABIOGFH5                              TRANSFER TO 3197944044306 / MANGALAM SANITARY	99922	"8,215.00"	 	"8,91,369.98"
12-Feb-21	   TO TRANSFER-INB NEFT UTR NO: SBIN121043306893--K N Industries	K.N.Industries	NEFT INB: CNABIOGHQ8                              TRANSFER TO 3197944044306 / K N Industries	99922	"9,375.00"	 	"8,81,994.98"
12-Feb-21	   BULK POSTING-CR_TAMILNADU SANITARY STO             05549442  11--	CREDIT CARD SALES	 / 	16899	 	"1,116.06"	"8,83,111.04"
12-Feb-21	   CASH DEPOSIT-CASH DEPOSIT SELF--	Cash	 / 	40236	 	"20,000.00"	"9,03,111.04"
12-Feb-21	   TO TRANSFER-INB ICICI_CC Payments--	SUSPENSE	VSBI9743433889CHF7909674               TRANSFER TO 3199612162095 / 	99922	"5,000.00"	 	"8,98,111.04"
12-Feb-21	BY CLEARING / CHEQUE-IOB   BY CLEARING CHQ 944532 MICR 600020028--944532	CLG	 / 944532	10395	 	"4,300.00"	"9,02,411.04"
12-Feb-21	BY CLEARING / CHEQUE-KVB   BY CLEARING CHQ 004059 MICR 600053008--4059	CLG	 / 4059	10395	 	"3,306.00"	"9,05,717.04"
12-Feb-21	BY CLEARING / CHEQUE-HDF   BY CLEARING CHQ 234670 MICR 600240002--234670	CLG	 / 234670	10395	 	"2,210.00"	"9,07,927.04"
12-Feb-21	BY CLEARING / CHEQUE-PNB   BY CLEARING CHQ 158957 MICR 600024029--158957	CLG	 / 158957	10395	 	"14,270.00"	"9,22,197.04"
12-Feb-21	BY CLEARING / CHEQUE-INB   BY CLEARING CHQ 432928 MICR 600019013--432928	CLG	 / 432928	10395	 	"3,090.00"	"9,25,287.04"
13-Feb-21	   BULK POSTING-CR_TAMILNADU SANITARY STO             05548442  12--	CREDIT CARD SALES	 / 	16899	 	"2,845.48"	"9,28,132.52"
13-Feb-21	   BULK POSTING-CR_TAMILNADU SANITARY STO             05549442  12--	CREDIT CARD SALES	 / 	16899	 	"25,000.00"	"9,53,132.52"
14-Feb-21	   TO TRANSFER-INB NEFT UTR NO: SBIN221045480786--SRI SENI Enterprises	SRI Seni Enterprises	NEFT INB: CNABIPVIP5                              TRANSFER TO 3197944044306 / SRI SENI Enterprises	99922	"8,760.00"	 	"9,44,372.52"
14-Feb-21	   TO TRANSFER-INB NEFT UTR NO: SBIN221045480890--D S Associates	D.S.Associates	NEFT INB: CNABIPVHE6                              TRANSFER TO 3197944044306 / D S Associates	99922	"16,114.00"	 	"9,28,258.52"
14-Feb-21	   TO TRANSFER-INB NEFT UTR NO: SBIN221045480490--SUPER TRADING CORPORATION	Super Trading Corporation	NEFT INB: CNABIPVIT6                              TRANSFER TO 3197944044306 / SUPER TRADING CORPORATION	99922	"3,552.00"	 	"9,24,706.52"
14-Feb-21	   TO TRANSFER-INB NEFT UTR NO: SBIN221045481855--Sattar Sanitary Stores	Sattar Sanitary Stores	NEFT INB: CNABIPVIV0                              TRANSFER TO 3197944044306 / Sattar Sanitary Stores	99922	"3,837.00"	 	"9,20,869.52"
14-Feb-21	   TO TRANSFER-INB NEFT UTR NO: SBIN221045482830--Shabbir Sanitary Stores	Shabbir Sanitary Stores	NEFT INB: CNABIPVIX9                              TRANSFER TO 3197944044306 / Shabbir Sanitary Stores	99922	"4,525.00"	 	"9,16,344.52"
14-Feb-21	   TO TRANSFER-INB NEFT UTR NO: SBIN221045483308--SHRI Venkateswar Agency	SHRI VENKATESWAR AGENCY	NEFT INB: CNABIPVJA3                              TRANSFER TO 3197944044306 / SHRI Venkateswar Agency	99922	"7,500.00"	 	"9,08,844.52"
14-Feb-21	   TO TRANSFER-INB Payment towards Invoice/Bill--	Nellai Ceramic Centre	CTM6743489               TRANSFER TO 57002369188                           NELLAI CERAMIC CENTRE / 	99922	"5,848.00"	 	"9,02,996.52"
14-Feb-21	   TO TRANSFER-INB NEFT UTR NO: SBIN221045485362--FRIENDLY SERVICES	Friendly Services	NEFT INB: CNABIPVLI5                              TRANSFER TO 3197944044306 / FRIENDLY SERVICES	99922	"1,245.00"	 	"9,01,751.52"
14-Feb-21	   TO TRANSFER-INB NEFT UTR NO: SBIN221045485486--TRISHLA AGENCIES	Trishla Agencies	NEFT INB: CNABIPVKU1                              TRANSFER TO 3197944044306 / TRISHLA AGENCIES	99922	"4,826.00"	 	"8,96,925.52"
14-Feb-21	   TO TRANSFER-INB NEFT UTR NO: SBIN221045485609--TRISHLA CORPORATION	Trishla Corporation	NEFT INB: CNABIPVKW7                              TRANSFER TO 3197944044306 / TRISHLA CORPORATION	99922	"6,911.00"	 	"8,90,014.52"
14-Feb-21	   TO TRANSFER-INB NEFT UTR NO: SBIN221045485725--NOBEL TILES WORLD	Nobel Tiles World	NEFT INB: CNABIPVKY9                              TRANSFER TO 3197944044306 / NOBEL TILES WORLD	99922	"9,600.00"	 	"8,80,414.52"
14-Feb-21	   BULK POSTING-CR_TAMILNADU SANITARY STO             05549442  13--	CREDIT CARD SALES	 / 	16899	 	"9,849.72"	"8,90,264.24"
14-Feb-21	   BULK POSTING-CR_TAMILNADU SANITARY STO             05548442  13--	CREDIT CARD SALES	 / 	16899	 	"23,038.06"	"9,13,302.30"
15-Feb-21	   CSH DEP (CDM)-9092052786--	Cash	 / 	4292	 	"26,000.00"	"9,39,302.30"
15-Feb-21	   BULK POSTING-CR_TAMILNADU SANITARY STO             05548442  14--	CREDIT CARD SALES	 / 	16899	 	"8,498.89"	"9,47,801.19"
15-Feb-21	BY CLEARING / CHEQUE-KVB   BY CLEARING CHQ 000183 MICR 600053032--183	CLG	 / 183	10395	 	"3,930.00"	"9,51,731.19"
15-Feb-21	BY CLEARING / CHEQUE-IOB   BY CLEARING CHQ 382788 MICR 600020139--382788	CLG	 / 382788	10395	 	"2,950.00"	"9,54,681.19"
16-Feb-21	   BULK POSTING-CR_TAMILNADU SANITARY STO             05548442  15--	CREDIT CARD SALES	 / 	16899	 	"2,732.88"	"9,57,414.07"
16-Feb-21	CHEQUE DEPOSIT- TO TAMILNADU SANITARY STORES--378792	Cash	TRANSFER TO 31547097771                           KHUZEMA MAMUWALA & CO / 378792	40236	 	"3,680.00"	"9,61,094.07"
16-Feb-21	   CSH DEP (CDM)-9092052786--	Cash	 / 	4292	 	"48,500.00"	"10,09,594.07"
16-Feb-21	BY CLEARING / CHEQUE-BOI   BY CLEARING CHQ 093514 MICR 600013019--93514	CLG	 / 93514	10395	 	"5,680.00"	"10,15,274.07"
16-Feb-21	BY CLEARING / CHEQUE-INB   BY CLEARING CHQ 714752 MICR 600019014--714752	CLG	 / 714752	10395	 	"7,950.00"	"10,23,224.07"
16-Feb-21	   TO TRANSFER-INB Res Tele Bill--	SUSPENSE	229389417CB07608686               TRANSFER TO 3199632162091 / 	99922	"1,296.82"	 	"10,21,927.25"
16-Feb-21	   TO TRANSFER-INB OFF Tele Bill--	SUSPENSE	229389416CB07608093               TRANSFER TO 3199632162091 / 	99922	800.04	 	"10,21,127.21"
16-Feb-21	   TO TRANSFER-INB--	SUSPENSE	110086493880CHF8343526               TRANSFER TO 4599224162091 / 	99922	"1,528.00"	 	"10,19,599.21"
16-Feb-21	   TO TRANSFER-INB NEFT UTR NO: SBIN421047369136--AJANTHA BATHROOM PRODUCTS AND PIPES	Ajantha Bathroom Products and Pipes Pvt Ltd	NEFT INB: CNABIRWGS1                              TRANSFER TO 3197944044306 / AJANTHA BATHROOM PRODUCTS AND PIPES	99922	"20,079.00"	 	"9,99,520.21"
16-Feb-21	   TO TRANSFER-INB NEFT UTR NO: SBIN421047370488--Sattar Sanitary Stores	Sattar Sanitary Stores	NEFT INB: CNABIRWJK1                              TRANSFER TO 3197944044306 / Sattar Sanitary Stores	99922	"11,788.00"	 	"9,87,732.21"
16-Feb-21	   TO TRANSFER-INB NEFT UTR NO: SBIN421047375693--Andavar Marketing PVT LTD	Andavar Marketing Pvt. Ltd.	NEFT INB: CNABIRWKY3                              TRANSFER TO 3197944044306 / Andavar Marketing PVT LTD	99922	"5,085.00"	 	"9,82,647.21"
16-Feb-21	   TO TRANSFER-INB NEFT UTR NO: SBIN421047376340--Andavar Marketing PVT LTD	Andavar Marketing Pvt. Ltd.	NEFT INB: CNABIRWMM2                              TRANSFER TO 3197944044306 / Andavar Marketing PVT LTD	99922	"20,281.00"	 	"9,62,366.21"
16-Feb-21	   TO TRANSFER-INB NEFT UTR NO: SBIN421047378339--Andavar Marketing PVT LTD	Andavar Marketing Pvt. Ltd.	NEFT INB: CNABIRWNA9                              TRANSFER TO 3197944044306 / Andavar Marketing PVT LTD	99922	"5,865.00"	 	"9,56,501.21"
17-Feb-21	   CSH DEP (CDM)-9092052786--	Cash	 / 	4292	 	"12,000.00"	"9,68,501.21"
17-Feb-21	   BULK POSTING-CR_TAMILNADU SANITARY STO             05548442  16--	CREDIT CARD SALES	 / 	16899	 	"15,761.79"	"9,84,263.00"
17-Feb-21	   BULK POSTING-CR_TAMILNADU SANITARY STO             05549442  16--	CREDIT CARD SALES	 / 	16899	 	"25,419.49"	"10,09,682.49"
17-Feb-21	   CASH DEPOSIT-CASH DEPOSIT SELF--	Cash	 / 	40236	 	"11,000.00"	"10,20,682.49"
17-Feb-21	   TO TRANSFER-INB NEFT UTR NO: SBIN421048702759--K M CERAMICS	K M CERAMICS	NEFT INB: CNABISISY1                              TRANSFER TO 3197944044306 / K M CERAMICS	99922	"20,100.00"	 	"10,00,582.49"
17-Feb-21	   TO TRANSFER-INB NEFT UTR NO: SBIN421048703583--SRI ENTERPRISES	SRI ENTERPRISES	NEFT INB: CNABISIVX7                              TRANSFER TO 3197944044306 / SRI ENTERPRISES	99922	"5,213.00"	 	"9,95,369.49"
17-Feb-21	   TO TRANSFER-INB NEFT UTR NO: SBIN421048706112--NOBEL TILES WORLD	Nobel Tiles World	NEFT INB: CNABISIVU9                              TRANSFER TO 3197944044306 / NOBEL TILES WORLD	99922	"16,520.00"	 	"9,78,849.49"
17-Feb-21	   TO TRANSFER-INB NEFT UTR NO: SBIN421048709391--FRIENDLY SERVICES	Friendly Services	NEFT INB: CNABISIZF5                              TRANSFER TO 3197944044306 / FRIENDLY SERVICES	99922	830	 	"9,78,019.49"
17-Feb-21	   TO TRANSFER-INB NEFT UTR NO: SBIN421048716212--TRISHLA CORPORATION	Trishla Corporation	NEFT INB: CNABISJDS7                              TRANSFER TO 3197944044306 / TRISHLA CORPORATION	99922	"6,126.00"	 	"9,71,893.49"
17-Feb-21	   TO TRANSFER-INB NEFT UTR NO: SBIN421048738390--VALLI STEEL INDUSTRIES PVT LTD	Valli Steel Industries Pvt Ltd	NEFT INB: CNABISJSJ9                              TRANSFER TO 3197944044306 / VALLI STEEL INDUSTRIES PVT LTD	99922	"6,032.00"	 	"9,65,861.49"
17-Feb-21	   TO TRANSFER-INB--	POOLING ACCOUNT GST-MM	21023300208657CKP5587374               TRANSFER TO 36959638072                           POOLING ACCOUNT GST-MM / 	99922	"31,110.00"	 	"9,34,751.49"
17-Feb-21	BY CLEARING / CHEQUE-KOT   BY CLEARING CHQ 000667 MICR 600485017--667	CLG	 / 667	10395	 	"3,485.00"	"9,38,236.49"
17-Feb-21	   BY TRANSFER-UPI/CR/104815119749/RAJAMANN/PUNB/rm89.chenn/UPI--	RAJAMANN	TRANSFER FROM 5098415162099 / 	40236	 	"2,430.00"	"9,40,666.49"
17-Feb-21	   BY TRANSFER-UPI/CR/104887847514/PADMINI /SBIN/9444415022/NA--	SUSPENSE	TRANSFER FROM 5098962162095 / 	40236	 	"10,000.00"	"9,50,666.49"
17-Feb-21	   BY TRANSFER-UPI/CR/104887989309/PADMINI /SBIN/9444415022/NA--	SUSPENSE	TRANSFER FROM 5099000162091 / 	40236	 	"15,000.00"	"9,65,666.49"
17-Feb-21	   BY TRANSFER-NEFT*PUNB0252300*PUNBH21048473177*ELECTROSTEEL CAS--	ELECTROSTEEL CAS	TRANSFER FROM 3199958044305 / 	4430	 	400	"9,66,066.49"
18-Feb-21	CHEQUE WDL- TO GOLDEN HARDWARE CENTRE--116713	Cash	TRANSFER FROM 32818937606                         GOLDEN HARDWARE CENTRE / 116713	40236	"3,109.00"	 	"9,62,957.49"
18-Feb-21	   BULK POSTING-CR_TAMILNADU SANITARY STO             05548442  17--	CREDIT CARD SALES	 / 	16899	 	"3,978.08"	"9,66,935.57"
18-Feb-21	   BULK POSTING-CR_TAMILNADU SANITARY STO             05549442  17--	CREDIT CARD SALES	 / 	16899	 	"1,040.82"	"9,67,976.39"
18-Feb-21	   CASH DEPOSIT-CASH DEPOSIT SELF--	Cash	 / 	40236	 	"24,500.00"	"9,92,476.39"
18-Feb-21	CHEQUE DEPOSIT- TO TAMILNADU SANITARY STORES--58804	Cash	TRANSFER TO 54003387142                            DATA SOFTWARE RESEARC / 58804	40236	 	"11,490.00"	"10,03,966.39"
18-Feb-21	BY CLEARING / CHEQUE-SIB   BY CLEARING CHQ 031753 MICR 600059005--31753	CLG	 / 31753	10395	 	"2,100.00"	"10,06,066.39"
19-Feb-21	TO CLEARING-HDF   TNEBFORESHOREESTATE--116718	TNEB FORESHORE ESTATE	 / 116718	10395	"3,593.00"	 	"10,02,473.39"
19-Feb-21	   BULK POSTING-CR_TAMILNADU SANITARY STO             05548442  18--	CREDIT CARD SALES	 / 	16899	 	747	"10,03,220.39"
19-Feb-21	   BULK POSTING-CR_TAMILNADU SANITARY STO             05549442  18--	CREDIT CARD SALES	 / 	16899	 	960	"10,04,180.39"
19-Feb-21	BY CLEARING / CHEQUE-PNB   BY CLEARING CHQ 158956 MICR 600024029--158956	CLG	 / 158956	10395	 	"19,000.00"	"10,23,180.39"
19-Feb-21	   CASH DEPOSIT-CASH DEPOSIT SELF--	Cash	 / 	40236	 	"18,000.00"	"10,41,180.39"
20-Feb-21	   CSH DEP (CDM)-9092052786--	Cash	 / 	4292	 	"15,000.00"	"10,56,180.39"
20-Feb-21	   TO TRANSFER-INB Payment towards Invoice/Bill--	ARAVIND CERAMICS PRIVA	CTM7471662               TRANSFER TO 32423647359                           ARAVIND CERAMICS PRIVA / 	99922	"12,430.00"	 	"10,43,750.39"
20-Feb-21	   TO TRANSFER-INB NEFT UTR NO: SBIN221051286281--NOBEL TILES WORLD	Nobel Tiles World	NEFT INB: CNABIVBTP7                              TRANSFER TO 3197944044306 / NOBEL TILES WORLD	99922	"14,000.00"	 	"10,29,750.39"
20-Feb-21	   BULK POSTING-CR_TAMILNADU SANITARY STO             05549442  19--	CREDIT CARD SALES	 / 	16899	 	"3,123.93"	"10,32,874.32"
20-Feb-21	   BULK POSTING-CR_TAMILNADU SANITARY STO             05548442  19--	CREDIT CARD SALES	 / 	16899	 	"5,467.09"	"10,38,341.41"
20-Feb-21	BY CLEARING / CHEQUE-SYB   BY CLEARING CHQ 004960 MICR 600025009--4960	CLG	 / 4960	10395	 	"11,000.00"	"10,49,341.41"
20-Feb-21	   TO TRANSFER-INB Payment towards Invoice/Bill--	Nellai Ceramic Centre	CTM7530953               TRANSFER TO 57002369188                           NELLAI CERAMIC CENTRE / 	99922	"16,914.00"	 	"10,32,427.41"
20-Feb-21	   TO TRANSFER-INB NEFT UTR NO: SBIN221051648762--Andavar Marketing PVT LTD	Andavar Marketing Pvt. Ltd.	NEFT INB: CNABIVMMB3                              TRANSFER TO 3197944044306 / Andavar Marketing PVT LTD	99922	"27,536.00"	 	"10,04,891.41"
20-Feb-21	   TO TRANSFER-INB NEFT UTR NO: SBIN221051659560--K M CERAMICS	K M CERAMICS	NEFT INB: CNABIVMTU5                              TRANSFER TO 3197944044306 / K M CERAMICS	99922	"13,000.00"	 	"9,91,891.41"
20-Feb-21	   TO TRANSFER-INB NEFT UTR NO: SBIN221051663152--SRI SENI Enterprises	SRI Seni Enterprises	NEFT INB: CNABIVMVG0                              TRANSFER TO 3197944044306 / SRI SENI Enterprises	99922	"12,518.00"	 	"9,79,373.41"
20-Feb-21	   TO TRANSFER-INB NEFT UTR NO: SBIN221051665543--D S Associates	D.S.Associates	NEFT INB: CNABIVMXF4                              TRANSFER TO 3197944044306 / D S Associates	99922	"21,955.00"	 	"9,57,418.41"
20-Feb-21	   TO TRANSFER-INB NEFT UTR NO: SBIN221051668121--Sattar Sanitary Stores	Sattar Sanitary Stores	NEFT INB: CNABIVMYV1                              TRANSFER TO 3197944044306 / Sattar Sanitary Stores	99922	"9,919.00"	 	"9,47,499.41"
20-Feb-21	   TO TRANSFER-INB NEFT UTR NO: SBIN221051669818--TRISHLA CORPORATION	Trishla Corporation	NEFT INB: CNABIVNAR0                              TRANSFER TO 3197944044306 / TRISHLA CORPORATION	99922	"4,798.00"	 	"9,42,701.41"
21-Feb-21	   BULK POSTING-CR_TAMILNADU SANITARY STO             05548442  20--	CREDIT CARD SALES	 / 	16899	 	"12,666.94"	"9,55,368.35"
21-Feb-21	   BULK POSTING-CR_TAMILNADU SANITARY STO             05549442  20--	CREDIT CARD SALES	 / 	16899	 	"15,442.42"	"9,70,810.77"
21-Feb-21	   BY TRANSFER-INB IMPS105220380909/6174596306/XX0152/Plumbing S--	SUSPENSE	MAB000689461089          MAB000689461089          TRANSFER FROM 4597960162097 / 	99922	 	"3,360.00"	"9,74,170.77"
22-Feb-21	   CSH DEP (CDM)-9092052786--	Cash	 / 	4292	 	"24,500.00"	"9,98,670.77"
22-Feb-21	   BULK POSTING-CR_TAMILNADU SANITARY STO             05549442  21--	CREDIT CARD SALES	 / 	16899	 	"13,901.76"	"10,12,572.53"
22-Feb-21	   BULK POSTING-CR_TAMILNADU SANITARY STO             05548442  21--	CREDIT CARD SALES	 / 	16899	 	"2,100.00"	"10,14,672.53"
22-Feb-21	BY CLEARING / CHEQUE-BOB   BY CLEARING CHQ 000317 MICR 600012021--317	CLG	 / 317	10395	 	"22,365.00"	"10,37,037.53"
22-Feb-21	   TO TRANSFER-INB Payment towards Invoice/Bill--	ARAVIND CERAMICS PRIVA	CTM7714190               TRANSFER TO 32423647359                           ARAVIND CERAMICS PRIVA / 	99922	"15,255.00"	 	"10,21,782.53"
22-Feb-21	   TO TRANSFER-INB NEFT UTR NO: SBIN321053822673--International Sales Corporation	INTERNATIONAL SALES CORPORATION	NEFT INB: CNABIWWNL5                              TRANSFER TO 3197944044306 / International Sales Corporation	99922	"5,900.00"	 	"10,15,882.53"
22-Feb-21	   TO TRANSFER-INB NEFT UTR NO: SBIN321053822971--TRISHLA CORPORATION	Trishla Corporation	NEFT INB: CNABIWWOR4                              TRANSFER TO 3197944044306 / TRISHLA CORPORATION	99922	"7,290.00"	 	"10,08,592.53"
22-Feb-21	   TO TRANSFER-INB NEFT UTR NO: SBIN321053824830--FRIENDLY SERVICES	Friendly Services	NEFT INB: CNABIWWOD3                              TRANSFER TO 3197944044306 / FRIENDLY SERVICES	99922	"2,588.00"	 	"10,06,004.53"
22-Feb-21	   TO TRANSFER-INB NEFT UTR NO: SBIN321053826710--GUPTA SALES CORPORATION	Gupta Sales Corporation	NEFT INB: CNABIWWPF7                              TRANSFER TO 3197944044306 / GUPTA SALES CORPORATION	99922	"3,165.00"	 	"10,02,839.53"
22-Feb-21	   TO TRANSFER-INB NEFT UTR NO: SBIN321053827981--Andavar Marketing PVT LTD	Andavar Marketing Pvt. Ltd.	NEFT INB: CNABIWWRS2                              TRANSFER TO 3197944044306 / Andavar Marketing PVT LTD	99922	"10,758.00"	 	"9,92,081.53"
22-Feb-21	   TO TRANSFER-INB NEFT UTR NO: SBIN321053829104--Andavar Marketing PVT LTD	Andavar Marketing Pvt. Ltd.	NEFT INB: CNABIWWRG9                              TRANSFER TO 3197944044306 / Andavar Marketing PVT LTD	99922	"14,360.00"	 	"9,77,721.53"
23-Feb-21	   TO TRANSFER-INB NEFT UTR NO: SBIN421054013832--SRI SENI Enterprises	SRI Seni Enterprises	NEFT INB: CNABIXBOX5                              TRANSFER TO 3197944044306 / SRI SENI Enterprises	99922	"21,686.00"	 	"9,56,035.53"
23-Feb-21	   TO TRANSFER-INB NEFT UTR NO: SBIN421054014356--D S Associates	D.S.Associates	NEFT INB: CNABIXBPG8                              TRANSFER TO 3197944044306 / D S Associates	99922	"13,080.00"	 	"9,42,955.53"
23-Feb-21	   TO TRANSFER-INB NEFT UTR NO: SBIN421054014761--Sri Kesava Traders	Sri Keshava Traders	NEFT INB: CNABIXBQB6                              TRANSFER TO 3197944044306 / Sri Kesava Traders	99922	"4,780.00"	 	"9,38,175.53"
23-Feb-21	   TO TRANSFER-INB NEFT UTR NO: SBIN421054016882--MANGALAM SANITARY	Mangalam Sanitary	NEFT INB: CNABIXBRL2                              TRANSFER TO 3197944044306 / MANGALAM SANITARY	99922	"11,859.00"	 	"9,26,316.53"
23-Feb-21	   TO TRANSFER-INB NEFT UTR NO: SBIN421054034601--PROVIDENT MARKETING	Provident Marketing	NEFT INB: CNABIXCMM9                              TRANSFER TO 3197944044306 / PROVIDENT MARKETING	99922	"4,844.00"	 	"9,21,472.53"
23-Feb-21	   TO TRANSFER-INB NEFT UTR NO: SBIN421054036564--ABHIVAIRAVANS PLUMBING CO	"Abhi Vairavan's Plumbing Co..,"	NEFT INB: CNABIXCNJ1                              TRANSFER TO 3197944044306 / ABHIVAIRAVANS PLUMBING CO	99922	"4,489.00"	 	"9,16,983.53"
23-Feb-21	   TO TRANSFER-INB NEFT UTR NO: SBIN421054037602--Lakshmi Hayagrivaa Maarketing	LAKSHMI HAYAGRIVAA MARKETING	NEFT INB: CNABIXCPA1                              TRANSFER TO 3197944044306 / Lakshmi Hayagrivaa Maarketing	99922	"3,590.00"	 	"9,13,393.53"
23-Feb-21	   TO TRANSFER-INB NEFT UTR NO: SBIN421054039529--D S Associates	D.S.Associates	NEFT INB: CNABIXCPM5                              TRANSFER TO 3197944044306 / D S Associates	99922	"13,585.00"	 	"8,99,808.53"
23-Feb-21	   BULK POSTING-CR_TAMILNADU SANITARY STO             05549442  22--	CREDIT CARD SALES	 / 	16899	 	"8,874.50"	"9,08,683.03"
23-Feb-21	   CSH DEP (CDM)-9092052786--	Cash	 / 	4292	 	"39,000.00"	"9,47,683.03"
23-Feb-21	BY CLEARING / CHEQUE-KOT   BY CLEARING CHQ 001482 MICR 600485004--1482	CLG	 / 1482	10395	 	"57,620.00"	"10,05,303.03"
23-Feb-21	BY CLEARING / CHEQUE-BOB   BY CLEARING CHQ 012182 MICR 600012009--12182	CLG	 / 12182	10395	 	"4,500.00"	"10,09,803.03"
23-Feb-21	   CSH DEP (CDM)-9092052786--	Cash	 / 	4292	 	"22,000.00"	"10,31,803.03"
24-Feb-21	TO CLEARING-IOB   NEW ROYAL ELECTRICALS--116719	New Royal Electricals	 / 116719	10395	"7,801.00"	 	"10,24,002.03"
24-Feb-21	   BULK POSTING-CR_TAMILNADU SANITARY STO             05549442  23--	CREDIT CARD SALES	 / 	16899	 	"10,440.52"	"10,34,442.55"
24-Feb-21	   BULK POSTING-CR_TAMILNADU SANITARY STO             05548442  23--	CREDIT CARD SALES	 / 	16899	 	"9,816.04"	"10,44,258.59"
24-Feb-21	   BY TRANSFER-SBILT24022021213433550979-Payment agains--	Sarangarajan V K	TRANSFER FROM 31277586768                         Mr. SARANGARAJAN  V K / 	912	 	"2,095.00"	"10,46,353.59"
25-Feb-21	   TO TRANSFER-INB NEFT UTR NO: SBIN521056886591--Expanded Metal Mart	Expanded Metal Mart	NEFT INB: CNABIYWLR3                              TRANSFER TO 3197944044306 / Expanded Metal Mart	99922	"15,000.00"	 	"10,31,353.59"
25-Feb-21	   TO TRANSFER-INB NEFT UTR NO: SBIN521056887474--SUPER TRADING CORPORATION	Super Trading Corporation	NEFT INB: CNABIYWOJ9                              TRANSFER TO 3197944044306 / SUPER TRADING CORPORATION	99922	"11,471.00"	 	"10,19,882.59"
25-Feb-21	   TO TRANSFER-INB NEFT UTR NO: SBIN521056887995--Andavar Marketing PVT LTD	Andavar Marketing Pvt. Ltd.	NEFT INB: CNABIYWOV6                              TRANSFER TO 3197944044306 / Andavar Marketing PVT LTD	99922	"8,370.00"	 	"10,11,512.59"
25-Feb-21	   TO TRANSFER-INB NEFT UTR NO: SBIN521056889510--Andavar Marketing PVT LTD	Andavar Marketing Pvt. Ltd.	NEFT INB: CNABIYWRF7                              TRANSFER TO 3197944044306 / Andavar Marketing PVT LTD	99922	"10,111.00"	 	"10,01,401.59"
25-Feb-21	   TO TRANSFER-INB NEFT UTR NO: SBIN521056890359--ARUNKUMAR MANOHARAN	ARUNKUMAR MANOHARAN	NEFT INB: CNABIYWSY8                              TRANSFER TO 3197944044306 / ARUNKUMAR MANOHARAN	99922	"5,000.00"	 	"9,96,401.59"
25-Feb-21	   TO TRANSFER-INB NEFT UTR NO: SBIN521056922079--Galaxy Sales Trading Corporation	GALAXY SALES TRADING CORPORATION	NEFT INB: CNABIYYEQ9                              TRANSFER TO 3197944044306 / Galaxy Sales Trading Corporation	99922	"3,830.00"	 	"9,92,571.59"
25-Feb-21	   BULK POSTING-CR_TAMILNADU SANITARY STO             05549442  24--	CREDIT CARD SALES	 / 	16899	 	"9,654.68"	"10,02,226.27"
25-Feb-21	   TO TRANSFER-INB NEFT UTR NO: SBIN521056923180--NOBEL TILES WORLD	Nobel Tiles World	NEFT INB: CNABIYYFD7                              TRANSFER TO 3197944044306 / NOBEL TILES WORLD	99922	"14,175.00"	 	"9,88,051.27"
25-Feb-21	   TO TRANSFER-INB NEFT UTR NO: SBIN521056923928--SRI SENI Enterprises	SRI Seni Enterprises	NEFT INB: CNABIYYHI1                              TRANSFER TO 3197944044306 / SRI SENI Enterprises	99922	"8,277.00"	 	"9,79,774.27"
25-Feb-21	   TO TRANSFER-INB NEFT UTR NO: SBIN521056925802--D S Associates	D.S.Associates	NEFT INB: CNABIYYJO4                              TRANSFER TO 3197944044306 / D S Associates	99922	"13,000.00"	 	"9,66,774.27"
25-Feb-21	CASH CHEQUE-CASH WITHDRAWAL BY CHQ--116722	Cash	 / 116722	40236	"15,000.00"	 	"9,51,774.27"
25-Feb-21	   CASH DEPOSIT-CASH DEPOSIT SELF--	Cash	 / 	40236	 	"38,000.00"	"9,89,774.27"
25-Feb-21	BY CLEARING / CHEQUE-KVB   BY CLEARING CHQ 000305 MICR 600053032--305	CLG	 / 305	10395	 	"6,200.00"	"9,95,974.27"
25-Feb-21	   BY TRANSFER-NEFT*KKBK0000958*KKBK210564331781*SANMAR SHIPPING--	SANMAR SHIPPING--	TRANSFER FROM 3199412044307 / 	4430	 	"2,900.00"	"9,98,874.27"
26-Feb-21	   BULK POSTING-CR_TAMILNADU SANITARY STO             05549442  25--	CREDIT CARD SALES	 / 	16899	 	"36,935.24"	"10,35,809.51"
26-Feb-21	   BULK POSTING-CR_TAMILNADU SANITARY STO             05548442  25--	CREDIT CARD SALES	 / 	16899	 	"9,500.00"	"10,45,309.51"
26-Feb-21	BY CLEARING / CHEQUE-CBI   BY CLEARING CHQ 132538 MICR 600016030--132538	CLG	 / 132538	10395	 	"7,151.00"	"10,52,460.51"
26-Feb-21	BY CLEARING / CHEQUE-PNB   BY CLEARING CHQ 158955 MICR 600024029--158955	CLG	 / 158955	10395	 	"19,270.00"	"10,71,730.51"
26-Feb-21	   TO TRANSFER-INB NEFT UTR NO: SBIN321057123149--Andavar Marketing PVT LTD	Andavar Marketing Pvt. Ltd.	NEFT INB: CNABJASGI6                              TRANSFER TO 3197944044306 / Andavar Marketing PVT LTD	99922	"13,941.00"	 	"10,57,789.51"
26-Feb-21	   TO TRANSFER-INB NEFT UTR NO: SBIN321057123347--Andavar Marketing PVT LTD	Andavar Marketing Pvt. Ltd.	NEFT INB: CNABJASGR8                              TRANSFER TO 3197944044306 / Andavar Marketing PVT LTD	99922	"15,824.00"	 	"10,41,965.51"
26-Feb-21	   TO TRANSFER-INB Payment towards Invoice/Bill--	ARAVIND CERAMICS PRIVA	CTM8261677               TRANSFER TO 32423647359                           ARAVIND CERAMICS PRIVA / 	99922	"11,865.00"	 	"10,30,100.51"
26-Feb-21	   TO TRANSFER-INB NEFT UTR NO: SBIN321057127811--AJANTHA BATHROOM PRODUCTS AND PIPES	Ajantha Bathroom Products and Pipes Pvt Ltd	NEFT INB: CNABJASIJ9                              TRANSFER TO 3197944044306 / AJANTHA BATHROOM PRODUCTS AND PIPES	99922	"8,305.00"	 	"10,21,795.51"
26-Feb-21	   TO TRANSFER-INB Payment towards Invoice/Bill--	Nellai Ceramic Centre	CTM8262386               TRANSFER TO 57002369188                           NELLAI CERAMIC CENTRE / 	99922	"11,724.00"	 	"10,10,071.51"
26-Feb-21	   TO TRANSFER-INB NEFT UTR NO: SBIN321057132346--K M CERAMICS	K M CERAMICS	NEFT INB: CNABJASKR1                              TRANSFER TO 3197944044306 / K M CERAMICS	99922	"13,400.00"	 	"9,96,671.51"
26-Feb-21	   TO TRANSFER-INB NEFT UTR NO: SBIN321057133937--SRI SENI Enterprises	SRI Seni Enterprises	NEFT INB: CNABJASMR4                              TRANSFER TO 3197944044306 / SRI SENI Enterprises	99922	"22,978.00"	 	"9,73,693.51"
26-Feb-21	   TO TRANSFER-INB NEFT UTR NO: SBIN321057135411--D S Associates	D.S.Associates	NEFT INB: CNABJASMZ9                              TRANSFER TO 3197944044306 / D S Associates	99922	"16,713.00"	 	"9,56,980.51"
26-Feb-21	   TO TRANSFER-INB NEFT UTR NO: SBIN321057137412--SRI SENI Enterprises	SRI Seni Enterprises	NEFT INB: CNABJASOG9                              TRANSFER TO 3197944044306 / SRI SENI Enterprises	99922	"7,708.00"	 	"9,49,272.51"
26-Feb-21	   TO TRANSFER-INB NEFT UTR NO: SBIN321057139432--K M ASSOCIATES	K.M.Associates	NEFT INB: CNABJASQF9                              TRANSFER TO 3197944044306 / K M ASSOCIATES	99922	"3,154.00"	 	"9,46,118.51"
27-Feb-21	   BULK POSTING-CR_TAMILNADU SANITARY STO             05549442  26--	CREDIT CARD SALES	 / 	16899	 	"31,410.79"	"9,77,529.30"
27-Feb-21	   BY TRANSFER-UPI/CR/105818375517/Mr MOHAM/IDIB/9841851302/NO RE--	Moham	TRANSFER FROM 5099214162090 / 	40236	 	"2,000.00"	"9,79,529.30"
28-Feb-21	   BULK POSTING-CR_TAMILNADU SANITARY STO             05549442  27--	CREDIT CARD SALES	 / 	16899	 	"10,154.94"	"9,89,684.24"
28-Feb-21	   BULK POSTING-CR_TAMILNADU SANITARY STO             05548442  27--	CREDIT CARD SALES	 / 	16899	 	"23,586.82"	"10,13,271.06"
28-Feb-21	   BY TRANSFER-INB IMPS105912418761/9003072589/XX5206/--	SUSPENSE	MAB000694914820          MAB000694914820          TRANSFER FROM 4898042162096 / 	99922	 	"23,510.00"	"10,36,781.06"
