Txn Date	Value Date	Description	Ledger	Ref No./Cheque No.	Branch Code	        Debit	Credit	Balance		
01-Sep-20	01-Sep-20	   CASH DEPOSIT-CASH DEPOSIT SELF--	Cash	 / 	40236	 	"12,000.00"	"8,24,301.76"		
01-Sep-20	01-Sep-20	   BULK POSTING-CR_TAMILNADU SANITARY STO             05548442  31--	CREDIT CARD SALES	 / 	16899	 	685.3	"8,24,987.06"		
01-Sep-20	01-Sep-20	   BY TRANSFER-INB IMPS024515161709/9840015710/XX1952/Old bill a--	SUSPENSE	MAA000548325290          MAA000548325290          TRANSFER FROM 4897964162097 / 	99922	 	"5,380.00"	"8,30,367.06"		
02-Sep-20	02-Sep-20	   CASH DEPOSIT-CASH DEPOSIT SELF--	Cash	 / 	40236	 	"38,000.00"	"8,68,367.06"		
02-Sep-20	02-Sep-20	   BULK POSTING-CR_TAMILNADU SANITARY STO             05549442  01--	CREDIT CARD SALES	 / 	16899	 	"34,331.49"	"9,02,698.55"		
02-Sep-20	02-Sep-20	   BY TRANSFER-NEFT*KKBK0000958*KKBK202466844496*SANMAR SHIPPING--	Sanmar Shipping LTD	TRANSFER FROM 3199965044307 / 	4430	 	965	"9,03,663.55"		
03-Sep-20	03-Sep-20	   TO TRANSFER-INB NEFT UTR NO: SBIN520247995022--SRI ENTERPRISES	SRI ENTERPRISES	NEFT INB: CNABCYCPR2                              TRANSFER TO 3197944044306 / SRI ENTERPRISES	99922	"3,234.00"	 	"9,00,429.55"		
03-Sep-20	03-Sep-20	   TO TRANSFER-INB NEFT UTR NO: SBIN520247998697--ARUNKUMAR MANOHARAN	Audit Fee	NEFT INB: CNABCYCQT8                              TRANSFER TO 3197944044306 / ARUNKUMAR MANOHARAN	99922	"5,000.00"	 	"8,95,429.55"		
03-Sep-20	03-Sep-20	   TO TRANSFER-INB NEFT UTR NO: SBIN120247001531--FRIENDLY SERVICES	Friendly Services	NEFT INB: CNABCYCSQ7                              TRANSFER TO 3197944044306 / FRIENDLY SERVICES	99922	"5,017.00"	 	"8,90,412.55"		
03-Sep-20	03-Sep-20	   TO TRANSFER-INB NEFT UTR NO: SBIN120247002896--TRISHLA CORPORATION	Trishla Corporation	NEFT INB: CNABCYCTE4                              TRANSFER TO 3197944044306 / TRISHLA CORPORATION	99922	"5,783.00"	 	"8,84,629.55"		
03-Sep-20	03-Sep-20	   TO TRANSFER-INB NEFT UTR NO: SBIN120247006182--AJANTHA BATHROOM PRODUCTS AND PIPES	AJANTHA BATHROOM PRODUCTS AND PIPES	NEFT INB: CNABCYCVC6                              TRANSFER TO 3197944044306 / AJANTHA BATHROOM PRODUCTS AND PIPES	99922	"4,592.00"	 	"8,80,037.55"		
03-Sep-20	03-Sep-20	   TO TRANSFER-INB NEFT UTR NO: SBIN120247007634--Andavar Marketing PVT LTD	Andavar Marketing Pvt. Ltd.	NEFT INB: CNABCYCWP5                              TRANSFER TO 3197944044306 / Andavar Marketing PVT LTD	99922	"31,382.00"	 	"8,48,655.55"		
03-Sep-20	03-Sep-20	   TO TRANSFER-INB NEFT UTR NO: SBIN120247009078--D S Associates	D.S.Associates	NEFT INB: CNABCYCYI2                              TRANSFER TO 3197944044306 / D S Associates	99922	"17,777.00"	 	"8,30,878.55"		
03-Sep-20	03-Sep-20	   TO TRANSFER-INB NEFT UTR NO: SBIN120247011507--Mylapore Gardens Residents Associat	Mylapore Gardens Residents Association	NEFT INB: CNABCYCZX8                              TRANSFER TO 3197944044306 / Mylapore Gardens Residents Associat	99922	"4,000.00"	 	"8,26,878.55"		
03-Sep-20	03-Sep-20	   CASH DEPOSIT-CASH DEPOSIT SELF--	Cash	 / 	40236	 	"7,000.00"	"8,33,878.55"		
03-Sep-20	03-Sep-20	   BULK POSTING-CR_TAMILNADU SANITARY STO             05549442  02--	CREDIT CARD SALES	 / 	16899	 	783.2	"8,34,661.75"		
03-Sep-20	03-Sep-20	BY CLEARING / CHEQUE-INB   BY CLEARING CHQ 841592 MICR 600019092--841592	Clg	 / 841592	10395	 	"2,500.00"	"8,37,161.75"		
03-Sep-20	03-Sep-20	   BULK POSTING-CR_TAMILNADU SANITARY STO             05548442  02--	CREDIT CARD SALES	 / 	16899	 	"1,076.90"	"8,38,238.65"		
04-Sep-20	04-Sep-20	CHEQUE WDL-CHEQUE TRANSFER TO--116684	Golden Hardware Centre	TRANSFER FROM 32818937606                         GOLDEN HARDWARE CENTRE / 116684	40236	"3,127.00"	 	"8,35,111.65"		
04-Sep-20	04-Sep-20	   CASH DEPOSIT-CASH DEPOSIT SELF--	Cash	 / 	40236	 	"14,000.00"	"8,49,111.65"		
04-Sep-20	04-Sep-20	   BULK POSTING-CR_TAMILNADU SANITARY STO             05548442  03--	CREDIT CARD SALES	 / 	16899	 	"2,349.77"	"8,51,461.42"		
04-Sep-20	04-Sep-20	   TO TRANSFER-INB NEFT UTR NO: SBIN220248246577--K M CERAMICS	K M CERAMICS	NEFT INB: CNABCZLNG3                              TRANSFER TO 3197944044306 / K M CERAMICS	99922	"12,540.00"	 	"8,38,921.42"		
05-Sep-20	05-Sep-20	   BULK POSTING-CR_TAMILNADU SANITARY STO             05548442  04--	CREDIT CARD SALES	 / 	16899	 	"7,512.06"	"8,46,433.48"		
05-Sep-20	05-Sep-20	   CASH DEPOSIT-CASH DEPOSIT SELF--	Cash	 / 	40236	 	"32,000.00"	"8,78,433.48"		
06-Sep-20	06-Sep-20	   TO TRANSFER-INB NEFT UTR NO: SBIN320250512947--D S Associates	D.S.Associates	NEFT INB: CNABDAVHN8                              TRANSFER TO 3197944044306 / D S Associates	99922	"18,224.00"	 	"8,60,209.48"		
06-Sep-20	06-Sep-20	   TO TRANSFER-INB Salary Payment--	Kasi - Salary Payable	CTK6217734               TRANSFER TO 32950808735                           Mr. KASI  R / 	99922	"17,000.00"	 	"8,43,209.48"		
06-Sep-20	06-Sep-20	   TO TRANSFER-INB Payment towards Invoice/Bill--	NOUSHAD  ABDUL	CTK6217571               TRANSFER TO 31054735034                           Mr. NOUSHAD  ABDUL SAL / 	99922	"14,500.00"	 	"8,28,709.48"		
06-Sep-20	06-Sep-20	   TO TRANSFER-INB Payment towards Invoice/Bill--	KHUZEMA MAMUWALA & CO PVT LTD	CTK6217987               TRANSFER TO 31547097771                           KHUZEMA MAMUWALA & CO / 	99922	"1,358.00"	 	"8,27,351.48"		
06-Sep-20	06-Sep-20	   BULK POSTING-CR_TAMILNADU SANITARY STO             05548442  05--	CREDIT CARD SALES	 / 	16899	 	"8,776.98"	"8,36,128.46"		
06-Sep-20	06-Sep-20	   BULK POSTING-CR_TAMILNADU SANITARY STO             05549442  05--	CREDIT CARD SALES	 / 	16899	 	"14,049.07"	"8,50,177.53"		
07-Sep-20	07-Sep-20	   BULK POSTING-CR_TAMILNADU SANITARY STO             05548442  06--	CREDIT CARD SALES	 / 	16899	 	"3,314.42"	"8,53,491.95"		
07-Sep-20	07-Sep-20	   CASH DEPOSIT-CASH DEPOSIT SELF--	Cash	 / 	40236	 	"21,000.00"	"8,74,491.95"		
07-Sep-20	07-Sep-20	   TO TRANSFER-INB NEFT UTR NO: SBIN420251345310--TRISHLA CORPORATION	Trishla Corporation	NEFT INB: CNABDBZOH0                              TRANSFER TO 3197944044306 / TRISHLA CORPORATION	99922	932	 	"8,73,559.95"		
07-Sep-20	07-Sep-20	   TO TRANSFER-INB NEFT UTR NO: SBIN420251348357--Andavar Marketing PVT LTD	Andavar Marketing Pvt. Ltd.	NEFT INB: CNABDBZOU8                              TRANSFER TO 3197944044306 / Andavar Marketing PVT LTD	99922	"14,515.00"	 	"8,59,044.95"		
07-Sep-20	07-Sep-20	   TO TRANSFER-INB NEFT UTR NO: SBIN420251351105--Andavar Marketing PVT LTD	Andavar Marketing Pvt. Ltd.	NEFT INB: CNABDBZQV7                              TRANSFER TO 3197944044306 / Andavar Marketing PVT LTD	99922	"19,976.00"	 	"8,39,068.95"		
07-Sep-20	07-Sep-20	   TO TRANSFER-INB NEFT UTR NO: SBIN420251383188--ABHIVAIRAVANS PLUMBING CO	ABHIVAIRAVANS PLUMBING CO	NEFT INB: CNABDCALB8                              TRANSFER TO 3197944044306 / ABHIVAIRAVANS PLUMBING CO	99922	"4,595.00"	 	"8,34,473.95"		
07-Sep-20	07-Sep-20	   TO TRANSFER-INB NEFT UTR NO: SBIN420251386301--NOBEL TILES WORLD	Nobel Tiles World	NEFT INB: CNABDCALX7                              TRANSFER TO 3197944044306 / NOBEL TILES WORLD	99922	"3,520.00"	 	"8,30,953.95"		
07-Sep-20	07-Sep-20	   TO TRANSFER-INB NEFT UTR NO: SBIN420251393342--ENFIELD TILES	Enfield Tiles	NEFT INB: CNABDCARQ4                              TRANSFER TO 3197944044306 / ENFIELD TILES	99922	"10,955.00"	 	"8,19,998.95"		
07-Sep-20	07-Sep-20	   BY TRANSFER-INB IMPS/P2A/UA0305680503/XXXXXXX269SBIN--	Dhandapaani S S	UA0305680503MOADEQFJQ6               TRANSFER FROM 10067586945                         Mr. DHANDAPAANI  S S / 	99922	 	"10,000.00"	"8,29,998.95"		
07-Sep-20	07-Sep-20	   TO TRANSFER-INB NEFT UTR NO: SBIN420251394543--K M ASSOCIATES	K.M.Associates	NEFT INB: CNABDCATS8                              TRANSFER TO 3197944044306 / K M ASSOCIATES	99922	"12,797.00"	 	"8,17,201.95"		
07-Sep-20	07-Sep-20	   TO TRANSFER-INB NEFT UTR NO: SBIN420251399702--Lakshmi Hayagrivaa Maarketing	LAKSHMI HAYAGRIVAA MARKETING	NEFT INB: CNABDCAUG6                              TRANSFER TO 3197944044306 / Lakshmi Hayagrivaa Maarketing	99922	"7,500.00"	 	"8,09,701.95"		
07-Sep-20	07-Sep-20	   BY TRANSFER-INB IMPS/P2A/UA0305681559/XXXXXXX269SBIN--	Dhandapaani S S	UA0305681559MOADEQFLR5               TRANSFER FROM 10067586945                         Mr. DHANDAPAANI  S S / 	99922	 	"9,300.00"	"8,19,001.95"		
07-Sep-20	07-Sep-20	   TO TRANSFER-INB NEFT UTR NO: SBIN420251403816--SHYAMS ENTERPRISES	Shyam's Enterprises	NEFT INB: CNABDCAWK3                              TRANSFER TO 3197944044306 / SHYAMS ENTERPRISES	99922	"4,351.00"	 	"8,14,650.95"		
08-Sep-20	08-Sep-20	   BULK POSTING-CR_TAMILNADU SANITARY STO             05549442  07--	CREDIT CARD SALES	 / 	16899	 	"12,367.25"	"8,27,018.20"		
08-Sep-20	08-Sep-20	   BULK POSTING-CR_TAMILNADU SANITARY STO             05548442  07--	CREDIT CARD SALES	 / 	16899	 	"31,379.98"	"8,58,398.18"		
08-Sep-20	08-Sep-20	   CASH DEPOSIT-CASH DEPOSIT SELF--	Cash	 / 	40236	 	"57,000.00"	"9,15,398.18"		
08-Sep-20	08-Sep-20	   CASH DEPOSIT-CASH DEPOSIT SELF--	Cash	 / 	40236	 	"50,000.00"	"9,65,398.18"		
08-Sep-20	08-Sep-20	   TO TRANSFER-INB NEFT UTR NO: SBIN520252034616--FRIENDLY SERVICES	Friendly Services	NEFT INB: CNABDCWDM1                              TRANSFER TO 3197944044306 / FRIENDLY SERVICES	99922	568	 	"9,64,830.18"		
08-Sep-20	08-Sep-20	   TO TRANSFER-INB NEFT UTR NO: SBIN520252047242--FRIENDLY SERVICES	Friendly Services	NEFT INB: CNABDCWNO6                              TRANSFER TO 3197944044306 / FRIENDLY SERVICES	99922	"1,191.00"	 	"9,63,639.18"		
08-Sep-20	08-Sep-20	   TO TRANSFER-INB NEFT UTR NO: SBIN520252048863--Shabbir Sanitary Stores	Shabbir Sanitary Stores	NEFT INB: CNABDCWNZ3                              TRANSFER TO 3197944044306 / Shabbir Sanitary Stores	99922	"2,065.00"	 	"9,61,574.18"		
08-Sep-20	08-Sep-20	   TO TRANSFER-INB NEFT UTR NO: SBIN520252088180--K M CERAMICS	K M CERAMICS	NEFT INB: CNABDCXLF5                              TRANSFER TO 3197944044306 / K M CERAMICS	99922	"20,100.00"	 	"9,41,474.18"		
08-Sep-20	08-Sep-20	   TO TRANSFER-INB NEFT UTR NO: SBIN520252088563--AJANTHA BATHROOM PRODUCTS AND PIPES	AJANTHA BATHROOM PRODUCTS AND PIPES	NEFT INB: CNABDCXOU2                              TRANSFER TO 3197944044306 / AJANTHA BATHROOM PRODUCTS AND PIPES	99922	"9,424.00"	 	"9,32,050.18"		
08-Sep-20	08-Sep-20	   TO TRANSFER-INB NEFT UTR NO: SBIN520252092859--D S Associates	D.S.Associates	NEFT INB: CNABDCXND5                              TRANSFER TO 3197944044306 / D S Associates	99922	"18,383.00"	 	"9,13,667.18"		
08-Sep-20	08-Sep-20	   BULK POSTING-CR_TAMILNADU SANITARY STO    022000000041786--	CREDIT CARD SALES	 / 	16899	 	57.92	"9,13,725.10"		
09-Sep-20	09-Sep-20	   BULK POSTING-CR_TAMILNADU SANITARY STO             05549442  08--	CREDIT CARD SALES	 / 	16899	 	"1,427.61"	"9,15,152.71"		
09-Sep-20	09-Sep-20	   TO TRANSFER-INB Payment towards Invoice/Bill--	ARAVIND CERAMICS PRIVA	CTK6638875               TRANSFER TO 32423647359                           ARAVIND CERAMICS PRIVA / 	99922	"28,420.00"	 	"8,86,732.71"		
09-Sep-20	09-Sep-20	   TO TRANSFER-INB NEFT UTR NO: SBIN520253880362--K M CERAMICS	K M CERAMICS	NEFT INB: CNABDDXJR9                              TRANSFER TO 3197944044306 / K M CERAMICS	99922	"21,990.00"	 	"8,64,742.71"		
09-Sep-20	09-Sep-20	   TO TRANSFER-INB NEFT UTR NO: SBIN520253882049--Andavar Marketing PVT LTD	Andavar Marketing Pvt. Ltd.	NEFT INB: CNABDDXKH0                              TRANSFER TO 3197944044306 / Andavar Marketing PVT LTD	99922	"17,750.00"	 	"8,46,992.71"		
09-Sep-20	09-Sep-20	   CASH DEPOSIT-CASH DEPOSIT SELF--	Cash	 / 	40236	 	"54,500.00"	"9,01,492.71"		
10-Sep-20	10-Sep-20	   BULK POSTING-CR_TAMILNADU SANITARY STO             05549442  09--	CREDIT CARD SALES	 / 	16899	 	"3,316.68"	"9,04,809.39"		
10-Sep-20	10-Sep-20	   CASH DEPOSIT-CASH DEPOSIT SELF--	Cash	 / 	40236	 	"9,000.00"	"9,13,809.39"		
11-Sep-20	11-Sep-20	   BULK POSTING-CR_TAMILNADU SANITARY STO             05549442  10--	CREDIT CARD SALES	 / 	16899	 	"21,766.36"	"9,35,575.75"		
11-Sep-20	11-Sep-20	   CASH DEPOSIT-CASH DEPOSIT SELF--	Cash	 / 	40236	 	"26,000.00"	"9,61,575.75"		
11-Sep-20	11-Sep-20	   BY TRANSFER-NEFT*CTCB0000003*909DOCT202550104*CHEMPLAST SANMAR--	CHEMPLAST SANMAR LTD	TRANSFER FROM 3199680044308 / 	4430	 	"1,666.00"	"9,63,241.75"		
12-Sep-20	12-Sep-20	   BULK POSTING-CR_TAMILNADU SANITARY STO             05549442  11--	CREDIT CARD SALES	 / 	16899	 	"48,032.42"	"10,11,274.17"		
12-Sep-20	12-Sep-20	   TO TRANSFER-INB NEFT UTR NO: SBIN320256227719--Andavar Marketing PVT LTD	Andavar Marketing Pvt. Ltd.	NEFT INB: CNABDGSXJ6                              TRANSFER TO 3197944044306 / Andavar Marketing PVT LTD	99922	"32,616.00"	 	"9,78,658.17"		
12-Sep-20	12-Sep-20	   TO TRANSFER-INB Payment towards Invoice/Bill--	ARAVIND CERAMICS PRIVA	CTK7024895               TRANSFER TO 32423647359                           ARAVIND CERAMICS PRIVA / 	99922	"17,360.00"	 	"9,61,298.17"		
12-Sep-20	12-Sep-20	   TO TRANSFER-INB NEFT UTR NO: SBIN320256229394--TRISHLA CORPORATION	Trishla Corporation	NEFT INB: CNABDGTAI8                              TRANSFER TO 3197944044306 / TRISHLA CORPORATION	99922	932	 	"9,60,366.17"		
13-Sep-20	13-Sep-20	   TO TRANSFER-INB NEFT UTR NO: SBIN320257416153--Ashok Enterprises	Ashok Enterprises	NEFT INB: CNABDHGRD8                              TRANSFER TO 3197944044306 / Ashok Enterprises	99922	"11,800.00"	 	"9,48,566.17"		
13-Sep-20	13-Sep-20	   TO TRANSFER-INB NEFT UTR NO: SBIN320257416306--MANGALAM SANITARY	Mangalam Sanitary	NEFT INB: CNABDHGRF9                              TRANSFER TO 3197944044306 / MANGALAM SANITARY	99922	"10,000.00"	 	"9,38,566.17"		
13-Sep-20	13-Sep-20	   TO TRANSFER-INB NEFT UTR NO: SBIN320257416398--D S Associates	D.S.Associates	NEFT INB: CNABDHGRH0                              TRANSFER TO 3197944044306 / D S Associates	99922	"26,610.00"	 	"9,11,956.17"		
13-Sep-20	13-Sep-20	   BULK POSTING-CR_TAMILNADU SANITARY STO             05549442  12--	CREDIT CARD SALES	 / 	16899	 	"12,084.39"	"9,24,040.56"		
13-Sep-20	13-Sep-20	   BULK POSTING-CR_TAMILNADU SANITARY STO             05548442  12--	CREDIT CARD SALES	 / 	16899	 	783.2	"9,24,823.76"		
14-Sep-20	14-Sep-20	   CASH DEPOSIT-CASH DEPOSIT SELF--	Cash	 / 	40236	 	"27,000.00"	"9,51,823.76"		
15-Sep-20	15-Sep-20	   TO TRANSFER-INB NEFT UTR NO: SBIN420259444877--National Ceramic Centre	National Ceramic Centre	NEFT INB: CNABDIPSA8                              TRANSFER TO 3197944044306 / National Ceramic Centre	99922	"4,500.00"	 	"9,47,323.76"		
15-Sep-20	15-Sep-20	   TO TRANSFER-INB NEFT UTR NO: SBIN420259445105--GUPTA SALES CORPORATION	Gupta Sales Corporation	NEFT INB: CNABDIPTI1                              TRANSFER TO 3197944044306 / GUPTA SALES CORPORATION	99922	"4,626.00"	 	"9,42,697.76"		
15-Sep-20	15-Sep-20	   TO TRANSFER-INB NEFT UTR NO: SBIN420259445256--Sattar Sanitary Stores	Sattar Sanitary Stores	NEFT INB: CNABDIPTS9                              TRANSFER TO 3197944044306 / Sattar Sanitary Stores	99922	"3,251.00"	 	"9,39,446.76"		
15-Sep-20	15-Sep-20	   TO TRANSFER-INB NEFT UTR NO: SBIN420259446865--ENFIELD TILES	Enfield Tiles	NEFT INB: CNABDIPVQ1                              TRANSFER TO 3197944044306 / ENFIELD TILES	99922	"6,760.00"	 	"9,32,686.76"		
15-Sep-20	15-Sep-20	   TO TRANSFER-INB NEFT UTR NO: SBIN420259447567--K M ASSOCIATES	K.M.Associates	NEFT INB: CNABDIPXF1                              TRANSFER TO 3197944044306 / K M ASSOCIATES	99922	"15,751.00"	 	"9,16,935.76"		
15-Sep-20	15-Sep-20	   TO TRANSFER-INB NEFT UTR NO: SBIN420259448204--SHAMS BROTHERS	Shams Brothers	NEFT INB: CNABDIPXM2                              TRANSFER TO 3197944044306 / SHAMS BROTHERS	99922	"3,963.00"	 	"9,12,972.76"		
15-Sep-20	15-Sep-20	   TO TRANSFER-INB NEFT UTR NO: SBIN420259448826--Andavar Marketing PVT LTD	Andavar Marketing Pvt. Ltd.	NEFT INB: CNABDIQAX2                              TRANSFER TO 3197944044306 / Andavar Marketing PVT LTD	99922	"13,796.00"	 	"8,99,176.76"		
15-Sep-20	15-Sep-20	   BULK POSTING-CR_TAMILNADU SANITARY STO             05548442  14--	CREDIT CARD SALES	 / 	16899	 	"1,732.83"	"9,00,909.59"		
15-Sep-20	15-Sep-20	   BULK POSTING-CR_TAMILNADU SANITARY STO             05549442  14--	CREDIT CARD SALES	 / 	16899	 	"9,165.93"	"9,10,075.52"		
16-Sep-20	16-Sep-20	   BULK POSTING-CR_TAMILNADU SANITARY STO             05549442  15--	CREDIT CARD SALES	 / 	16899	 	"11,673.38"	"9,21,748.90"		
16-Sep-20	16-Sep-20	   BULK POSTING-CR_TAMILNADU SANITARY STO             05548442  15--	CREDIT CARD SALES	 / 	16899	 	"2,091.60"	"9,23,840.50"		
16-Sep-20	16-Sep-20	   CASH DEPOSIT-CASH DEPOSIT SELF--	Cash	 / 	40236	 	"73,000.00"	"9,96,840.50"		
17-Sep-20	17-Sep-20	   TO TRANSFER-INB NEFT UTR NO: SBIN120261099383--Andavar Marketing PVT LTD	Andavar Marketing Pvt. Ltd.	NEFT INB: CNABDKTDY7                              TRANSFER TO 3197944044306 / Andavar Marketing PVT LTD	99922	"17,056.00"	 	"9,79,784.50"		
17-Sep-20	17-Sep-20	   TO TRANSFER-INB Payment towards Invoice/Bill--	Nellai Ceramic Centre	CTK7567615               TRANSFER TO 57002369188                           NELLAI CERAMIC CENTRE / 	99922	"3,443.00"	 	"9,76,341.50"		
17-Sep-20	17-Sep-20	   TO TRANSFER-INB NEFT UTR NO: SBIN120261101816--FRIENDLY SERVICES	Friendly Services	NEFT INB: CNABDKTHC4                              TRANSFER TO 3197944044306 / FRIENDLY SERVICES	99922	"1,641.00"	 	"9,74,700.50"		
17-Sep-20	17-Sep-20	   TO TRANSFER-INB NEFT UTR NO: SBIN120261102639--AJANTHA BATHROOM PRODUCTS AND PIPES	AJANTHA BATHROOM PRODUCTS AND PIPES	NEFT INB: CNABDKTHY3                              TRANSFER TO 3197944044306 / AJANTHA BATHROOM PRODUCTS AND PIPES	99922	"24,187.00"	 	"9,50,513.50"		
17-Sep-20	17-Sep-20	   TO TRANSFER-INB NEFT UTR NO: SBIN120261103012--K M CERAMICS	K M CERAMICS	NEFT INB: CNABDKTKB3                              TRANSFER TO 3197944044306 / K M CERAMICS	99922	"30,000.00"	 	"9,20,513.50"		
17-Sep-20	17-Sep-20	   TO TRANSFER-INB NEFT UTR NO: SBIN120261103789--National Ceramic Centre	National Ceramic Centre	NEFT INB: CNABDKTKJ2                              TRANSFER TO 3197944044306 / National Ceramic Centre	99922	"22,076.00"	 	"8,98,437.50"		
17-Sep-20	17-Sep-20	   BULK POSTING-CR_TAMILNADU SANITARY STO             05548442  16--	CREDIT CARD SALES	 / 	16899	 	"5,580.10"	"9,04,017.60"		
17-Sep-20	17-Sep-20	   BULK POSTING-CR_TAMILNADU SANITARY STO             05549442  16--	CREDIT CARD SALES	 / 	16899	 	"25,265.38"	"9,29,282.98"		
17-Sep-20	17-Sep-20	   CASH DEPOSIT-CASH DEPOSIT SELF--	Cash	 / 	40236	 	"13,500.00"	"9,42,782.98"		
18-Sep-20	18-Sep-20	TO CLEARING-CAB   CLASIC ENGINEERING--116686	Clg	 / 116686	10395	"1,475.00"	 	"9,41,307.98"		
18-Sep-20	18-Sep-20	   BULK POSTING-CR_TAMILNADU SANITARY STO             05549442  17--	CREDIT CARD SALES	 / 	16899	 	"28,414.34"	"9,69,722.32"		
18-Sep-20	18-Sep-20	   TO TRANSFER-INB NEFT UTR NO: SBIN220262071207--AAA PEE Appliances	Nellai Ceramic Centre	NEFT INB: CNABDMBEN2                              TRANSFER TO 3197944044306 / AAA PEE Appliances	99922	"6,370.00"	 	"9,63,352.32"		
19-Sep-20	19-Sep-20	   BULK POSTING-CR_TAMILNADU SANITARY STO             05549442  18--	CREDIT CARD SALES	 / 	16899	 	"14,033.44"	"9,77,385.76"		
19-Sep-20	19-Sep-20	   CASH DEPOSIT-CASH DEPOSIT SELF--	Cash	 / 	40236	 	"13,000.00"	"9,90,385.76"		
19-Sep-20	19-Sep-20	   TO TRANSFER-INB Payment towards Invoice/Bill--	ARAVIND CERAMICS PRIVA	CTK7875325               TRANSFER TO 32423647359                           ARAVIND CERAMICS PRIVA / 	99922	"13,918.00"	 	"9,76,467.76"		
19-Sep-20	19-Sep-20	   TO TRANSFER-INB Payment towards Invoice/Bill--	Nellai Ceramic Centre	CTK7876005               TRANSFER TO 57002369188                           NELLAI CERAMIC CENTRE / 	99922	"8,281.00"	 	"9,68,186.76"		
19-Sep-20	19-Sep-20	   TO TRANSFER-INB NEFT UTR NO: SBIN220263755295--National Ceramic Centre	National Ceramic Centre	NEFT INB: CNABDMYYD3                              TRANSFER TO 3197944044306 / National Ceramic Centre	99922	"4,250.00"	 	"9,63,936.76"		
19-Sep-20	19-Sep-20	   TO TRANSFER-INB NEFT UTR NO: SBIN220263757695--D S Associates	D.S.Associates	NEFT INB: CNABDMZBI9                              TRANSFER TO 3197944044306 / D S Associates	99922	"20,483.00"	 	"9,43,453.76"		
20-Sep-20	20-Sep-20	   TO TRANSFER-INB NEFT UTR NO: SBIN220264990187--Andavar Marketing PVT LTD	Andavar Marketing Pvt. Ltd.	NEFT INB: CNABDNGDG4                              TRANSFER TO 3197944044306 / Andavar Marketing PVT LTD	99922	"9,850.00"	 	"9,33,603.76"		
20-Sep-20	20-Sep-20	   TO TRANSFER-INB--	POOLING ACCOUNT GST-MM	20093300343268CKN8819359               TRANSFER TO 36960043445                           POOLING ACCOUNT GST-MM / 	99922	"23,396.00"	 	"9,10,207.76"		
20-Sep-20	20-Sep-20	   BULK POSTING-CR_TAMILNADU SANITARY STO             05549442  19--	CREDIT CARD SALES	 / 	16899	 	"7,412.29"	"9,17,620.05"		
20-Sep-20	20-Sep-20	   BULK POSTING-CR_TAMILNADU SANITARY STO             05548442  19--	CREDIT CARD SALES	 / 	16899	 	"10,053.69"	"9,27,673.74"		
21-Sep-20	21-Sep-20	   BULK POSTING-CR_TAMILNADU SANITARY STO             05549442  20--	CREDIT CARD SALES	 / 	16899	 	"8,140.45"	"9,35,814.19"		
21-Sep-20	21-Sep-20	   TO TRANSFER-INB--	SUSPENSE	109966931391CHE4856885               TRANSFER TO 4599221162094 / 	99922	"1,409.72"	 	"9,34,404.47"		
21-Sep-20	21-Sep-20	   TO TRANSFER-INB--	SUSPENSE	109966932907CHE4856998               TRANSFER TO 4599223162092 / 	99922	"1,296.64"	 	"9,33,107.83"		
21-Sep-20	21-Sep-20	   CASH DEPOSIT-CASH DEPOSIT SELF--	Cash	 / 	40236	 	"31,000.00"	"9,64,107.83"		
21-Sep-20	21-Sep-20	   TO TRANSFER-INB NEFT UTR NO: SBIN320265412449--Germa Sanitarywares PVT LTD	Germa Sanitarywares PVT LTD	NEFT INB: CNABDNXNQ2                              TRANSFER TO 3197944044306 / Germa Sanitarywares PVT LTD	99922	"4,500.00"	 	"9,59,607.83"		
21-Sep-20	21-Sep-20	   TO TRANSFER-INB NEFT UTR NO: SBIN320265416330--MANGALAM SANITARY	Mangalam Sanitary	NEFT INB: CNABDNXOS3                              TRANSFER TO 3197944044306 / MANGALAM SANITARY	99922	"5,595.00"	 	"9,54,012.83"		
21-Sep-20	21-Sep-20	   TO TRANSFER-INB NEFT UTR NO: SBIN320265418980--Lakshmi Hayagrivaa Maarketing	LAKSHMI HAYAGRIVAA MARKETING	NEFT INB: CNABDNXQS7                              TRANSFER TO 3197944044306 / Lakshmi Hayagrivaa Maarketing	99922	"8,026.00"	 	"9,45,986.83"		
21-Sep-20	21-Sep-20	   TO TRANSFER-INB NEFT UTR NO: SBIN320265420661--PRECI TECH PLASTICS	Preci-Tech Plastics	NEFT INB: CNABDNXSD7                              TRANSFER TO 3197944044306 / PRECI TECH PLASTICS	99922	"3,292.00"	 	"9,42,694.83"		
21-Sep-20	21-Sep-20	   TO TRANSFER-INB NEFT UTR NO: SBIN320265442972--TRISHLA CORPORATION	Trishla Corporation	NEFT INB: CNABDNYIS2                              TRANSFER TO 3197944044306 / TRISHLA CORPORATION	99922	"2,360.00"	 	"9,40,334.83"		
21-Sep-20	21-Sep-20	   TO TRANSFER-INB NEFT UTR NO: SBIN320265443239--National Ceramic Centre	National Ceramic Centre	NEFT INB: CNABDNYJZ1                              TRANSFER TO 3197944044306 / National Ceramic Centre	99922	"20,001.00"	 	"9,20,333.83"		
22-Sep-20	22-Sep-20	TO CLEARING-IOB   NOVELTY  BATH   KITCHEN--116687	NOVELTY	 / 116687	10395	"3,502.00"	 	"9,16,831.83"		
22-Sep-20	22-Sep-20	   BULK POSTING-CR_TAMILNADU SANITARY STO             05549442  21--	CREDIT CARD SALES	 / 	16899	 	"16,604.10"	"9,33,435.93"		
22-Sep-20	22-Sep-20	   CASH DEPOSIT-CASH DEPOSIT SELF--	Cash	 / 	40236	 	"14,000.00"	"9,47,435.93"		
22-Sep-20	22-Sep-20	   BULK POSTING-CR_TAMILNADU SANITARY STO             05548442  21--	CREDIT CARD SALES	 / 	16899	 	"10,980.00"	"9,58,415.93"		
22-Sep-20	22-Sep-20	BY CLEARING / CHEQUE-INB   BY CLEARING CHQ 950726 MICR 600019126--950726	Clg	 / 950726	10395	 	"51,150.00"	"10,09,565.93"		
22-Sep-20	22-Sep-20	BY CLEARING / CHEQUE-INB   BY CLEARING CHQ 187950 MICR 600019035--187950	Clg	 / 187950	10395	 	"8,400.00"	"10,17,965.93"		
22-Sep-20	22-Sep-20	   CASH DEPOSIT-CASH DEPOSIT SELF--	Cash	 / 	40236	 	"9,500.00"	"10,27,465.93"		
22-Sep-20	22-Sep-20	CASH HANDLING CHARGES---38976288	Bank Charges	 / 38976288	40236	59	 	"10,27,406.93"		
23-Sep-20	23-Sep-20	TO CLEARING-RTN   DAWOODIBOHRAJAMAATTRUSTCH--745534	DAWOODI BOHRA JAMAAT TRUST	 / 745534	10395	"20,000.00"	 	"10,07,406.93"		
23-Sep-20	23-Sep-20	   TO TRANSFER-INB NEFT UTR NO: SBIN420267753212--NOVELTY	NOVELTY	NEFT INB: CNABDPMPP9                              TRANSFER TO 3197944044306 / NOVELTY	99922	"4,342.00"	 	"10,03,064.93"		
23-Sep-20	23-Sep-20	   TO TRANSFER-INB NEFT UTR NO: SBIN420267765438--K M CERAMICS	K M CERAMICS	NEFT INB: CNABDPNHW8                              TRANSFER TO 3197944044306 / K M CERAMICS	99922	"19,150.00"	 	"9,83,914.93"		
23-Sep-20	23-Sep-20	   BULK POSTING-CR_TAMILNADU SANITARY STO             05549442  22--	CREDIT CARD SALES	 / 	16899	 	"11,450.98"	"9,95,365.91"		
23-Sep-20	23-Sep-20	   BULK POSTING-CR_TAMILNADU SANITARY STO             05548442  22--	CREDIT CARD SALES	 / 	16899	 	"5,400.00"	"10,00,765.91"		
23-Sep-20	23-Sep-20	   CASH DEPOSIT-CASH DEPOSIT SELF--	Cash	 / 	40236	 	"16,500.00"	"10,17,265.91"		
23-Sep-20	23-Sep-20	CASH HANDLING CHARGES---38976288	Bank Charges	 / 38976288	40236	59	 	"10,17,206.91"		
23-Sep-20	23-Sep-20	   CASH DEPOSIT-CASH DEPOSIT SELF--	Cash	 / 	40236	 	"15,000.00"	"10,32,206.91"		
23-Sep-20	23-Sep-20	CASH HANDLING CHARGES---38976288	Bank Charges	 / 38976288	40236	59	 	"10,32,147.91"		
23-Sep-20	23-Sep-20	   TO TRANSFER-INB NEFT UTR NO: SBIN520267050383--National Ceramic Centre	National Ceramic Centre	NEFT INB: CNABDPXRU3                              TRANSFER TO 3197944044306 / National Ceramic Centre	99922	"20,502.00"	 	"10,11,645.91"		
23-Sep-20	23-Sep-20	   TO TRANSFER-INB NEFT UTR NO: SBIN520267052092--Andavar Marketing PVT LTD	Andavar Marketing Pvt. Ltd.	NEFT INB: CNABDPXRM4                              TRANSFER TO 3197944044306 / Andavar Marketing PVT LTD	99922	"21,226.00"	 	"9,90,419.91"		
23-Sep-20	23-Sep-20	   TO TRANSFER-INB NEFT UTR NO: SBIN520267053755--Andavar Marketing PVT LTD	Andavar Marketing Pvt. Ltd.	NEFT INB: CNABDPXTM3                              TRANSFER TO 3197944044306 / Andavar Marketing PVT LTD	99922	"6,525.00"	 	"9,83,894.91"		
24-Sep-20	24-Sep-20	   CASH DEPOSIT-CASH DEPOSIT SELF--	Cash	 / 	40236	 	"27,000.00"	"10,10,894.91"		
24-Sep-20	24-Sep-20	CASH HANDLING CHARGES---38976288	Bank Charges	 / 38976288	40236	59	 	"10,10,835.91"		
24-Sep-20	24-Sep-20	   BULK POSTING-CR_TAMILNADU SANITARY STO             05548442  23--	CREDIT CARD SALES	 / 	16899	 	"18,285.37"	"10,29,121.28"		
24-Sep-20	24-Sep-20	   BULK POSTING-CR_TAMILNADU SANITARY STO             05549442  23--	CREDIT CARD SALES	 / 	16899	 	"5,077.45"	"10,34,198.73"		
24-Sep-20	24-Sep-20	   TO TRANSFER-INB NEFT UTR NO: SBIN520268947261--Sattar Sanitary Stores	Sattar Sanitary Stores	NEFT INB: CNABDQZWL9                              TRANSFER TO 3197944044306 / Sattar Sanitary Stores	99922	"3,888.00"	 	"10,30,310.73"		
24-Sep-20	24-Sep-20	   TO TRANSFER-INB NEFT UTR NO: SBIN520268948787--D S Associates	D.S.Associates	NEFT INB: CNABDQZXS4                              TRANSFER TO 3197944044306 / D S Associates	99922	"29,142.00"	 	"10,01,168.73"		
24-Sep-20	24-Sep-20	   TO TRANSFER-INB NEFT UTR NO: SBIN520268951659--K M ASSOCIATES	K.M.Associates	NEFT INB: CNABDQZYV2                              TRANSFER TO 3197944044306 / K M ASSOCIATES	99922	"10,393.00"	 	"9,90,775.73"		
24-Sep-20	24-Sep-20	   TO TRANSFER-INB NEFT UTR NO: SBIN520268953890--SHYAMS ENTERPRISES	Shyam's Enterprises	NEFT INB: CNABDRADB7                              TRANSFER TO 3197944044306 / SHYAMS ENTERPRISES	99922	"7,584.00"	 	"9,83,191.73"		
24-Sep-20	24-Sep-20	   TO TRANSFER-INB NEFT UTR NO: SBIN520268956623--BHARATH Enterprises	Bharath Enterprises	NEFT INB: CNABDRAEH7                              TRANSFER TO 3197944044306 / BHARATH Enterprises	99922	"6,805.00"	 	"9,76,386.73"		
24-Sep-20	24-Sep-20	   TO TRANSFER-INB NEFT UTR NO: SBIN520268958537--Andavar Marketing PVT LTD	Andavar Marketing Pvt. Ltd.	NEFT INB: CNABDRAEV5                              TRANSFER TO 3197944044306 / Andavar Marketing PVT LTD	99922	"18,391.00"	 	"9,57,995.73"		
24-Sep-20	24-Sep-20	   TO TRANSFER-INB NEFT UTR NO: SBIN520268961658--K M CERAMICS	K M CERAMICS	NEFT INB: CNABDRAHV0                              TRANSFER TO 3197944044306 / K M CERAMICS	99922	"17,000.00"	 	"9,40,995.73"		
25-Sep-20	25-Sep-20	   CASH DEPOSIT-CASH DEPOSIT SELF--	Cash	 / 	40236	 	"24,500.00"	"9,65,495.73"		
25-Sep-20	25-Sep-20	CASH HANDLING CHARGES---38976288	Bank Charges	 / 38976288	40236	59	 	"9,65,436.73"		
25-Sep-20	25-Sep-20	   BY TRANSFER-NEFT*CTCB0000003*909DOCT202690097*CHEMPLAST SANMAR--	Sanmar Shipping LTD	TRANSFER FROM 3199963044309 / 	4430	 	"2,126.00"	"9,67,562.73"		
26-Sep-20	26-Sep-20	   TO TRANSFER-INB NEFT UTR NO: SBIN120270967047--NOVELTY	NOVELTY	NEFT INB: CNABDSFSM5                              TRANSFER TO 3197944044306 / NOVELTY	99922	"4,965.00"	 	"9,62,597.73"		
26-Sep-20	26-Sep-20	   TO TRANSFER-INB Payment towards Invoice/Bill--	Nellai Ceramic Centre	CTK8598002               TRANSFER TO 57002369188                           NELLAI CERAMIC CENTRE / 	99922	"9,616.00"	 	"9,52,981.73"		
26-Sep-20	26-Sep-20	   TO TRANSFER-INB NEFT UTR NO: SBIN120270968197--AJANTHA BATHROOM PRODUCTS AND PIPES	AJANTHA BATHROOM PRODUCTS AND PIPES	NEFT INB: CNABDSFUQ4                              TRANSFER TO 3197944044306 / AJANTHA BATHROOM PRODUCTS AND PIPES	99922	"10,786.00"	 	"9,42,195.73"		
26-Sep-20	26-Sep-20	   TO TRANSFER-INB NEFT UTR NO: SBIN120270968524--K M CERAMICS	K M CERAMICS	NEFT INB: CNABDSFUI1                              TRANSFER TO 3197944044306 / K M CERAMICS	99922	"7,800.00"	 	"9,34,395.73"		
26-Sep-20	26-Sep-20	   TO TRANSFER-INB NEFT UTR NO: SBIN120270969168--K M CERAMICS	K M CERAMICS	NEFT INB: CNABDSFTU8                              TRANSFER TO 3197944044306 / K M CERAMICS	99922	"14,950.00"	 	"9,19,445.73"		
26-Sep-20	26-Sep-20	   TO TRANSFER-INB NEFT UTR NO: SBIN120270969848--National Ceramic Centre	National Ceramic Centre	NEFT INB: CNABDSFWF8                              TRANSFER TO 3197944044306 / National Ceramic Centre	99922	"20,000.00"	 	"8,99,445.73"		
26-Sep-20	26-Sep-20	   TO TRANSFER-INB NEFT UTR NO: SBIN120270969437--Andavar Marketing PVT LTD	Andavar Marketing Pvt. Ltd.	NEFT INB: CNABDSFWL0                              TRANSFER TO 3197944044306 / Andavar Marketing PVT LTD	99922	"21,106.00"	 	"8,78,339.73"		
26-Sep-20	26-Sep-20	   BULK POSTING-CR_TAMILNADU SANITARY STO             05549442  25--	CREDIT CARD SALES	 / 	16899	 	548.24	"8,78,887.97"		
27-Sep-20	27-Sep-20	   TO TRANSFER-INB NEFT UTR NO: SBIN220271206977--Totale Global Pvt Ltd	Totale Global Pvt Ltd	NEFT INB: CNABDSUQX6                              TRANSFER TO 3197944044306 / Totale Global Pvt Ltd	99922	"7,374.00"	 	"8,71,513.97"		
27-Sep-20	27-Sep-20	   TO TRANSFER-INB NEFT UTR NO: SBIN220271210064--Andavar Marketing PVT LTD	Andavar Marketing Pvt. Ltd.	NEFT INB: CNABDSUUE4                              TRANSFER TO 3197944044306 / Andavar Marketing PVT LTD	99922	"6,275.00"	 	"8,65,238.97"		
27-Sep-20	27-Sep-20	   TO TRANSFER-INB NEFT UTR NO: SBIN220271210203--D S Associates	D.S.Associates	NEFT INB: CNABDSUVN6                              TRANSFER TO 3197944044306 / D S Associates	99922	"17,697.00"	 	"8,47,541.97"		
27-Sep-20	27-Sep-20	   TO TRANSFER-INB NEFT UTR NO: SBIN220271210345--MANGALAM SANITARY	Mangalam Sanitary	NEFT INB: CNABDSUUJ6                              TRANSFER TO 3197944044306 / MANGALAM SANITARY	99922	"7,747.00"	 	"8,39,794.97"		
27-Sep-20	27-Sep-20	   TO TRANSFER-INB NEFT UTR NO: SBIN220271209759--K M ASSOCIATES	K.M.Associates	NEFT INB: CNABDSUUL3                              TRANSFER TO 3197944044306 / K M ASSOCIATES	99922	"5,539.00"	 	"8,34,255.97"		
27-Sep-20	27-Sep-20	   TO TRANSFER-INB NEFT UTR NO: SBIN220271210566--K N Industries	K.N.Industries	NEFT INB: CNABDSUVF4                              TRANSFER TO 3197944044306 / K N Industries	99922	"2,875.00"	 	"8,31,380.97"		
27-Sep-20	27-Sep-20	   TO TRANSFER-INB NEFT UTR NO: SBIN220271210712--SUPER TRADING CORPORATION	Super Trading Corporation	NEFT INB: CNABDSUVI1                              TRANSFER TO 3197944044306 / SUPER TRADING CORPORATION	99922	"10,163.00"	 	"8,21,217.97"		
27-Sep-20	27-Sep-20	   BULK POSTING-CR_TAMILNADU SANITARY STO             05549442  26--	CREDIT CARD SALES	 / 	16899	 	"2,706.40"	"8,23,924.37"		
27-Sep-20	27-Sep-20	   BULK POSTING-CR_TAMILNADU SANITARY STO             05548442  26--	CREDIT CARD SALES	 / 	16899	 	"13,382.74"	"8,37,307.11"		
28-Sep-20	28-Sep-20	   CASH DEPOSIT-CASH DEPOSIT SELF--	Cash	 / 	40236	 	"45,000.00"	"8,82,307.11"		
28-Sep-20	28-Sep-20	CASH HANDLING CHARGES---38976288	Bank Charges	 / 38976288	40236	59	 	"8,82,248.11"		
28-Sep-20	28-Sep-20	BY CLEARING / CHEQUE-KOT   BY CLEARING CHQ 000502 MICR 600485017--502	Clg	 / 502	10395	 	"2,895.00"	"8,85,143.11"		
29-Sep-20	29-Sep-20	   BULK POSTING-CR_TAMILNADU SANITARY STO             05549442  28--	CREDIT CARD SALES	 / 	16899	 	"18,137.85"	"9,03,280.96"		
29-Sep-20	29-Sep-20	   TO TRANSFER-INB NEFT UTR NO: SBIN320273216297--WATERTEC INDIA PVT LTD	Watertec (India) Pvt. Ltd.	NEFT INB: CNABDUEOJ7                              TRANSFER TO 3197944044306 / WATERTEC INDIA PVT LTD	99922	"13,549.00"	 	"8,89,731.96"		
29-Sep-20	29-Sep-20	   CASH DEPOSIT-CASH DEPOSIT SELF--	Cash	 / 	40236	 	"23,000.00"	"9,12,731.96"		
29-Sep-20	29-Sep-20	CASH HANDLING CHARGES---38976288	Bank Charges	 / 38976288	40236	59	 	"9,12,672.96"		
30-Sep-20	30-Sep-20	TO CLEARING-UBI   ALBA CORPORATION   MB RAM--116677	Alba Corporation	 / 116677	10395	"6,998.00"	 	"9,05,674.96"		
30-Sep-20	30-Sep-20	   CASH DEPOSIT-CASH DEPOSIT SELF--	Cash	 / 	40236	 	"8,000.00"	"9,13,674.96"		
30-Sep-20	30-Sep-20	CASH HANDLING CHARGES---38976288	Bank Charges	 / 38976288	40236	59	 	"9,13,615.96"		
