Account Name       :                	TAMILNADU SANITARY STORES
Address            :	NO 143,  KUTCHERY ROAD,  MYLAPORE  Chennai
                                    	CHENNAI
                                    	TAMILNADU-600004
                                    	India
Date               :                	21 Jul 2020
Account Number     :	_00000030976446269
Account Description:	CA-REGULAR-PUB-OTH-ALL-INR
Branch             :	SANTHOME
Drawing Power      :	0.00
Interest Rate(% p.a.):	0.0
MOD Balance      :	0.00
CIF No.          :	_85676868920
IFS Code         :	SBIN0040236
MICR Code        :	_600002332
Balance on 1 Apr 2020        :	7,74,560.07
Start Date          :	1 Apr 2020
End Date            :	30 Apr 2020
Txn Date	Value Date	Description	Ref No./Cheque No.	Branch Code	        Debit	Credit	Balance	
1 Apr 2020	1 Apr 2020	   BY TRANSFER-INB IMPS009214416947/9840251125/XX0307/Monthly Ex--	MAC000472524279          MAC000472524279          TRANSFER FROM 4897984162093 / 	99922	 	1,65,000.00	9,39,560.07
2 Apr 2020	2 Apr 2020	   TO TRANSFER-INB NEFT UTR NO: SBIN220093034650--Mylapore Gardens Residents Associat	NEFT INB: CNAAYWOPK9                              TRANSFER TO 3197944044306 / Mylapore Gardens Residents Associat	99922	4,000.00	 	9,35,560.07
2 Apr 2020	2 Apr 2020	   TO TRANSFER-INB NEFT UTR NO: SBIN220093040164--ARUNKUMAR MANOHARAN	NEFT INB: CNAAYWORY5                              TRANSFER TO 3197944044306 / ARUNKUMAR MANOHARAN	99922	5,000.00	 	9,30,560.07
17 Apr 2020	17 Apr 2020	   TO TRANSFER-INB NEFT UTR NO: SBIN220108385572--D S Associates	NEFT INB: CNAAZCVAE2                              TRANSFER TO 3197944044306 / D S Associates	99922	45,000.00	 	8,85,560.07
17 Apr 2020	17 Apr 2020	   TO TRANSFER-INB NEFT UTR NO: SBIN220108387424--NOBEL TILES WORLD	NEFT INB: CNAAZCVAL0                              TRANSFER TO 3197944044306 / NOBEL TILES WORLD	99922	25,000.00	 	8,60,560.07
17 Apr 2020	17 Apr 2020	   TO TRANSFER-INB airtel res bill--	205619070CB04379058               TRANSFER TO 3199641162090 / 	99922	1,296.82	 	8,59,263.25
17 Apr 2020	17 Apr 2020	   TO TRANSFER-INB airetl off bill--	205619069CB04379236               TRANSFER TO 3199641162090 / 	99922	1,346.38	 	8,57,916.87
17 Apr 2020	17 Apr 2020	   TO TRANSFER-INB--	284223503CHD4757068               TRANSFER TO 30552730897                           TANGEDCO / 	99922	2,316.00	 	8,55,600.87
17 Apr 2020	17 Apr 2020	   TO TRANSFER-INB--	284223733CHD4757086               TRANSFER TO 30552730897                           TANGEDCO / 	99922	1,010.00	 	8,54,590.87
18 Apr 2020	18 Apr 2020	   TO TRANSFER-INB Commission of CHD4757086---	CHD4757086CX64826856               TRANSFER TO 3197691073477 / 	99922	11.80	 	8,54,579.07
18 Apr 2020	18 Apr 2020	   TO TRANSFER-INB Commission of CHD4757068---	CHD4757068CX64826855               TRANSFER TO 3197691073477 / 	99922	11.80	 	8,54,567.27
18 Apr 2020	18 Apr 2020	   BULK POSTING-20121120379 ITD TAX REFUND AY 19-20 PAN AAAFT1789P--	 / 	4266	 	20,100.00	8,74,667.27

**This is a computer generated statement and does not require a signature