Account Name       :                	TAMILNADU SANITARY STORES
Address            :	NO 143,  KUTCHERY ROAD,  MYLAPORE  Chennai
                                    	CHENNAI
                                    	TAMILNADU-600004
                                    	India
Date               :                	21 Jul 2020
Account Number     :	_00000030976446269
Account Description:	CA-REGULAR-PUB-OTH-ALL-INR
Branch             :	SANTHOME
Drawing Power      :	0.00
Interest Rate(% p.a.):	0.0
MOD Balance      :	0.00
CIF No.          :	_85676868920
IFS Code         :	SBIN0040236
MICR Code        :	_600002332
Balance on 1 Jun 2020        :	9,68,786.12
Start Date          :	1 Jun 2020
End Date            :	30 Jun 2020
Txn Date	Value Date	Description	Ref No./Cheque No.	Branch Code	        Debit	Credit	Balance	
1 Jun 2020	1 Jun 2020	   TO TRANSFER-INB NEFT UTR NO: SBIN420153204540--AJANTHA BATHROOM PRODUCTS AND PIPES	NEFT INB: CNABABJQB7                              TRANSFER TO 3197944044306 / AJANTHA BATHROOM PRODUCTS AND PIPES	99922	10,950.00	 	9,57,836.12
1 Jun 2020	1 Jun 2020	   TO TRANSFER-INB NEFT UTR NO: SBIN420153205304--GUPTA SALES CORPORATION	NEFT INB: CNABABJSE0                              TRANSFER TO 3197944044306 / GUPTA SALES CORPORATION	99922	5,233.00	 	9,52,603.12
2 Jun 2020	2 Jun 2020	   TO TRANSFER-INB NEFT UTR NO: SBIN420154880544--CLASSIC CERAMICS	NEFT INB: CNABACBNB1                              TRANSFER TO 3197944044306 / CLASSIC CERAMICS	99922	20,900.00	 	9,31,703.12
2 Jun 2020	2 Jun 2020	   TO TRANSFER-INB NEFT UTR NO: SBIN420154880869--TRISHLA CORPORATION	NEFT INB: CNABACBOU6                              TRANSFER TO 3197944044306 / TRISHLA CORPORATION	99922	10,585.00	 	9,21,118.12
2 Jun 2020	2 Jun 2020	   TO TRANSFER-INB NEFT UTR NO: SBIN420154881468--Andavar Marketing PVT LTD	NEFT INB: CNABACBPD8                              TRANSFER TO 3197944044306 / Andavar Marketing PVT LTD	99922	7,860.00	 	9,13,258.12
2 Jun 2020	2 Jun 2020	   TO TRANSFER-INB Salary Payment--	CTJ5882921               TRANSFER TO 32950808735                           Mr. KASI  R / 	99922	17,000.00	 	8,96,258.12
2 Jun 2020	2 Jun 2020	   TO TRANSFER-INB NEFT UTR NO: SBIN420154881976--NOBEL TILES WORLD	NEFT INB: CNABACBQS8                              TRANSFER TO 3197944044306 / NOBEL TILES WORLD	99922	11,700.00	 	8,84,558.12
2 Jun 2020	2 Jun 2020	   TO TRANSFER-INB NEFT UTR NO: SBIN420154884243--National Ceramic Centre	NEFT INB: CNABACBQZ1                              TRANSFER TO 3197944044306 / National Ceramic Centre	99922	5,700.00	 	8,78,858.12
2 Jun 2020	2 Jun 2020	   TO TRANSFER-INB NEFT UTR NO: SBIN420154885634--G Shanmugam Traders	NEFT INB: CNABACBTX0                              TRANSFER TO 3197944044306 / G Shanmugam Traders	99922	1,128.00	 	8,77,730.12
2 Jun 2020	2 Jun 2020	   BULK POSTING-CR_TAMILNADU SANITARY STO             05548442  01--	 / 	16899	 	720.00	8,78,450.12
2 Jun 2020	2 Jun 2020	   BULK POSTING-CR_TAMILNADU SANITARY STO             05549442  01--	 / 	16899	 	5,443.62	8,83,893.74
2 Jun 2020	2 Jun 2020	   CASH DEPOSIT-CASH DEPOSIT SELF--	 / 	40236	 	8,000.00	8,91,893.74
2 Jun 2020	2 Jun 2020	   BY TRANSFER-UPI/CR/015419703465/ALAMELU /KKBK/9551601269/NA--	TRANSFER FROM 4899339162094 / 	40236	 	14,650.00	9,06,543.74
3 Jun 2020	3 Jun 2020	   TO TRANSFER-INB NEFT UTR NO: SBIN520155757151--AJANTHA BATHROOM PRODUCTS AND PIPES	NEFT INB: CNABACZXM4                              TRANSFER TO 3197944044306 / AJANTHA BATHROOM PRODUCTS AND PIPES	99922	5,407.00	 	9,01,136.74
3 Jun 2020	3 Jun 2020	   CASH DEPOSIT-CASH DEPOSIT SELF--	 / 	40236	 	10,000.00	9,11,136.74
3 Jun 2020	3 Jun 2020	   CASH DEPOSIT-CASH DEPOSIT SELF--	 / 	40236	 	26,000.00	9,37,136.74
4 Jun 2020	4 Jun 2020	   BULK POSTING-CR_TAMILNADU SANITARY STO             05549442  03--	 / 	16899	 	10,309.91	9,47,446.65
5 Jun 2020	5 Jun 2020	   TO TRANSFER-INB NEFT UTR NO: SBIN220157335937--Aravind Ceramic Industries LTD	NEFT INB: CNABAEUXW6                              TRANSFER TO 3197944044306 / Aravind Ceramic Industries LTD	99922	24,523.00	 	9,22,923.65
5 Jun 2020	5 Jun 2020	   TO TRANSFER-INB NEFT UTR NO: SBIN220157336752--Sri Kesava Traders	NEFT INB: CNABAEUYX1                              TRANSFER TO 3197944044306 / Sri Kesava Traders	99922	5,000.00	 	9,17,923.65
5 Jun 2020	5 Jun 2020	   TO TRANSFER-INB NEFT UTR NO: SBIN220157337012--ABHIVAIRAVANS PLUMBING CO	NEFT INB: CNABAEUZC1                              TRANSFER TO 3197944044306 / ABHIVAIRAVANS PLUMBING CO	99922	10,000.00	 	9,07,923.65
5 Jun 2020	5 Jun 2020	   TO TRANSFER-INB NEFT UTR NO: SBIN220157338108--Mylapore Gardens Residents Associat	NEFT INB: CNABAEVDR3                              TRANSFER TO 3197944044306 / Mylapore Gardens Residents Associat	99922	4,000.00	 	9,03,923.65
5 Jun 2020	5 Jun 2020	CHEQUE WDL-CHEQUE TRANSFER TO--745537	TRANSFER FROM 20038598235                         Mr. ABBAS  HATIMBHOY K / 745537	40236	20,000.00	 	8,83,923.65
5 Jun 2020	5 Jun 2020	   CASH DEPOSIT-CASH DEPOSIT SELF--	 / 	40236	 	8,500.00	8,92,423.65
5 Jun 2020	5 Jun 2020	   BULK POSTING-CR_TAMILNADU SANITARY STO             05549442  04--	 / 	16899	 	677.28	8,93,100.93
5 Jun 2020	5 Jun 2020	   TO TRANSFER-INB--	20063300040775CKM9449462               TRANSFER TO 36959656625                           POOLING ACCOUNT GST-MM / 	99922	29,106.00	 	8,63,994.93
5 Jun 2020	5 Jun 2020	   BULK POSTING-CR_TAMILNADU SANITARY STO             05548442  04--	 / 	16899	 	17,116.47	8,81,111.40
5 Jun 2020	5 Jun 2020	   BY TRANSFER-NEFT*UBIN0553077*000112924788*CAPCF-WELLCOME FISHE--	TRANSFER FROM 3199414044305 / 	4430	 	5,700.00	8,86,811.40
6 Jun 2020	6 Jun 2020	   TO TRANSFER-INB Payment towards Invoice/Bill--	CTJ6409016               TRANSFER TO 32423647359                           ARAVIND CERAMICS PRIVA / 	99922	10,200.00	 	8,76,611.40
6 Jun 2020	6 Jun 2020	   TO TRANSFER-INB NEFT UTR NO: SBIN320158243849--D S Associates	NEFT INB: CNABAFTRE3                              TRANSFER TO 3197944044306 / D S Associates	99922	25,000.00	 	8,51,611.40
6 Jun 2020	6 Jun 2020	   TO TRANSFER-INB NEFT UTR NO: SBIN320158244651--K M ASSOCIATES	NEFT INB: CNABAFTSA4                              TRANSFER TO 3197944044306 / K M ASSOCIATES	99922	11,505.00	 	8,40,106.40
6 Jun 2020	6 Jun 2020	   TO TRANSFER-INB NEFT UTR NO: SBIN320158245122--SHYAMS ENTERPRISES	NEFT INB: CNABAFTRP6                              TRANSFER TO 3197944044306 / SHYAMS ENTERPRISES	99922	9,210.00	 	8,30,896.40
6 Jun 2020	6 Jun 2020	   TO TRANSFER-INB NEFT UTR NO: SBIN320158245512--Shabbir Sanitary Stores	NEFT INB: CNABAFTSP1                              TRANSFER TO 3197944044306 / Shabbir Sanitary Stores	99922	5,000.00	 	8,25,896.40
6 Jun 2020	6 Jun 2020	   TO TRANSFER-INB NEFT UTR NO: SBIN320158244495--Madhup Distributors	NEFT INB: CNABAFTUI0                              TRANSFER TO 3197944044306 / Madhup Distributors	99922	3,623.00	 	8,22,273.40
6 Jun 2020	6 Jun 2020	   BULK POSTING-CR_TAMILNADU SANITARY STO             05549442  05--	 / 	16899	 	17,907.28	8,40,180.68
6 Jun 2020	6 Jun 2020	   CASH DEPOSIT-CASH DEPOSIT SELF--	 / 	40236	 	13,000.00	8,53,180.68
6 Jun 2020	6 Jun 2020	BY CLEARING / CHEQUE-ICI   BY CLEARING CHQ 052158 MICR 600229017--52158	 / 52158	10395	 	8,530.00	8,61,710.68
6 Jun 2020	6 Jun 2020	BY CLEARING / CHEQUE-HDF   BY CLEARING CHQ 005274 MICR 600240081--5274	 / 5274	10395	 	905.00	8,62,615.68
6 Jun 2020	6 Jun 2020	BY CLEARING / CHEQUE-BOB   BY CLEARING CHQ 004815 MICR 600012009--4815	 / 4815	10395	 	3,565.00	8,66,180.68
6 Jun 2020	6 Jun 2020	   OUT-CHQ RETURN-31Instrument out dated /stalecovered in 21-25)ffer--	 / 	10395	905.00	 	8,65,275.68
6 Jun 2020	6 Jun 2020	cheque returned charges---5274	 / 5274	10395	177.00	 	8,65,098.68
7 Jun 2020	7 Jun 2020	   BULK POSTING-CR_TAMILNADU SANITARY STO             05548442  06--	 / 	16899	 	6,480.00	8,71,578.68
8 Jun 2020	8 Jun 2020	   CASH DEPOSIT-CASH DEPOSIT SELF--	 / 	40236	 	5,000.00	8,76,578.68
8 Jun 2020	8 Jun 2020	   TO TRANSFER-INB NEFT UTR NO: SBIN420160464842--AJANTHA BATHROOM PRODUCTS AND PIPES	NEFT INB: CNABAHJDG9                              TRANSFER TO 3197944044306 / AJANTHA BATHROOM PRODUCTS AND PIPES	99922	3,970.00	 	8,72,608.68
8 Jun 2020	8 Jun 2020	   TO TRANSFER-INB Payment towards Invoice/Bill--	CTJ6618553               TRANSFER TO 32423647359                           ARAVIND CERAMICS PRIVA / 	99922	20,230.00	 	8,52,378.68
8 Jun 2020	8 Jun 2020	   TO TRANSFER-INB Salary Payment--	CTJ6618831               TRANSFER TO 31054735034                           Mr. NOUSHAD  ABDUL SAL / 	99922	14,500.00	 	8,37,878.68
8 Jun 2020	8 Jun 2020	   TO TRANSFER-INB NEFT UTR NO: SBIN420160472075--Andavar Marketing PVT LTD	NEFT INB: CNABAHJHP7                              TRANSFER TO 3197944044306 / Andavar Marketing PVT LTD	99922	19,436.00	 	8,18,442.68
9 Jun 2020	9 Jun 2020	   CASH DEPOSIT-CASH DEPOSIT SELF--	 / 	40236	 	5,000.00	8,23,442.68
9 Jun 2020	9 Jun 2020	CHEQUE DEPOSIT- TRF--436533	TRANSFER TO 10476600808                            VIJAYARAGHAVAN  K V / 436533	40236	 	3,870.00	8,27,312.68
9 Jun 2020	9 Jun 2020	BY CLEARING / CHEQUE-KOT   BY CLEARING CHQ 000348 MICR 600485017--348	 / 348	10395	 	6,900.00	8,34,212.68
10 Jun 2020	10 Jun 2020	   BULK POSTING-CR_TAMILNADU SANITARY STO             05549442  09--	 / 	16899	 	2,047.96	8,36,260.64
10 Jun 2020	10 Jun 2020	   BULK POSTING-CR_TAMILNADU SANITARY STO             05548442  09--	 / 	16899	 	43,890.00	8,80,150.64
10 Jun 2020	10 Jun 2020	   CASH DEPOSIT-CASH DEPOSIT SELF--	 / 	40236	 	37,500.00	9,17,650.64
10 Jun 2020	10 Jun 2020	BY CLEARING / CHEQUE-AXS   BY CLEARING CHQ 291751 MICR 600211006--291751	 / 291751	10395	 	5,300.00	9,22,950.64
11 Jun 2020	11 Jun 2020	   TO TRANSFER-INB Payment towards Invoice/Bill--	CTJ6972121               TRANSFER TO 57002369188                           NELLAI CERAMIC CENTRE / 	99922	20,000.00	 	9,02,950.64
11 Jun 2020	11 Jun 2020	   TO TRANSFER-INB Payment towards Invoice/Bill--	CTJ6972581               TRANSFER TO 57002369188                           NELLAI CERAMIC CENTRE / 	99922	16,218.00	 	8,86,732.64
11 Jun 2020	11 Jun 2020	   BULK POSTING-CR_TAMILNADU SANITARY STO             05549442  10--	 / 	16899	 	3,316.55	8,90,049.19
11 Jun 2020	11 Jun 2020	   CASH DEPOSIT-CASH DEPOSIT SELF--	 / 	40236	 	19,000.00	9,09,049.19
11 Jun 2020	11 Jun 2020	   CASH DEPOSIT-CASH DEPOSIT SELF--	 / 	40236	 	10,000.00	9,19,049.19
11 Jun 2020	11 Jun 2020	BY CLEARING / CHEQUE-KCU   BY CLEARING CHQ 000722 MICR 600054056--722	 / 722	10395	 	30,377.00	9,49,426.19
11 Jun 2020	11 Jun 2020	BY CLEARING / CHEQUE-AXS   BY CLEARING CHQ 504576 MICR 600211006--504576	 / 504576	10395	 	5,965.00	9,55,391.19
11 Jun 2020	11 Jun 2020	   OUT-CHQ RETURN-01Funds Insufficient differsawn on usresent again--	 / 	10395	30,377.00	 	9,25,014.19
11 Jun 2020	11 Jun 2020	cheque returned charges---722	 / 722	10395	177.00	 	9,24,837.19
12 Jun 2020	12 Jun 2020	   TO TRANSFER-INB ICICI_CC Payments--	SSBI8891204274CHD7566519               TRANSFER TO 3199607162091 / 	99922	1,065.00	 	9,23,772.19
12 Jun 2020	12 Jun 2020	   TO TRANSFER-INB NEFT UTR NO: SBIN320164212052--Andavar Marketing PVT LTD	NEFT INB: CNABALNWL4                              TRANSFER TO 3197944044306 / Andavar Marketing PVT LTD	99922	11,123.00	 	9,12,649.19
12 Jun 2020	12 Jun 2020	   TO TRANSFER-INB NEFT UTR NO: SBIN320164213430--D S Associates	NEFT INB: CNABALOAJ3                              TRANSFER TO 3197944044306 / D S Associates	99922	22,008.00	 	8,90,641.19
12 Jun 2020	12 Jun 2020	   TO TRANSFER-INB NEFT UTR NO: SBIN320164214471--MANGALAM SANITARY	NEFT INB: CNABALOAT0                              TRANSFER TO 3197944044306 / MANGALAM SANITARY	99922	7,563.00	 	8,83,078.19
12 Jun 2020	12 Jun 2020	   TO TRANSFER-INB NEFT UTR NO: SBIN320164216541--Sri Kesava Traders	NEFT INB: CNABALOCD5                              TRANSFER TO 3197944044306 / Sri Kesava Traders	99922	4,260.00	 	8,78,818.19
12 Jun 2020	12 Jun 2020	   TO TRANSFER-INB NEFT UTR NO: SBIN320164218666--LEGEND	NEFT INB: CNABALOCO4                              TRANSFER TO 3197944044306 / LEGEND	99922	7,241.00	 	8,71,577.19
12 Jun 2020	12 Jun 2020	   TO TRANSFER-INB NEFT UTR NO: SBIN320164222620--SHYAMS ENTERPRISES	NEFT INB: CNABALOFB2                              TRANSFER TO 3197944044306 / SHYAMS ENTERPRISES	99922	3,043.00	 	8,68,534.19
12 Jun 2020	12 Jun 2020	   TO TRANSFER-INB NEFT UTR NO: SBIN320164224382--Elac Marketing Pvt Ltd	NEFT INB: CNABALOFV0                              TRANSFER TO 3197944044306 / Elac Marketing Pvt Ltd	99922	5,875.00	 	8,62,659.19
12 Jun 2020	12 Jun 2020	   TO TRANSFER-INB NEFT UTR NO: SBIN320164227962--Flobest Marketing	NEFT INB: CNABALOHI2                              TRANSFER TO 3197944044306 / Flobest Marketing	99922	6,000.00	 	8,56,659.19
13 Jun 2020	13 Jun 2020	   BULK POSTING-CR_TAMILNADU SANITARY STO             05548442  12--	 / 	16899	 	31,908.43	8,88,567.62
13 Jun 2020	13 Jun 2020	   BULK POSTING-CR_TAMILNADU SANITARY STO             05549442  12--	 / 	16899	 	2,007.12	8,90,574.74
14 Jun 2020	14 Jun 2020	   TO TRANSFER-INB NEFT UTR NO: SBIN320166848530--ABHIVAIRAVANS PLUMBING CO	NEFT INB: CNABAMCNW2                              TRANSFER TO 3197944044306 / ABHIVAIRAVANS PLUMBING CO	99922	6,565.00	 	8,84,009.74
14 Jun 2020	14 Jun 2020	   TO TRANSFER-INB NEFT UTR NO: SBIN320166848953--ARUNKUMAR MANOHARAN	NEFT INB: CNABAMCQK0                              TRANSFER TO 3197944044306 / ARUNKUMAR MANOHARAN	99922	5,000.00	 	8,79,009.74
15 Jun 2020	15 Jun 2020	   CASH DEPOSIT-CASH DEPOSIT SELF--	 / 	40236	 	23,500.00	9,02,509.74
15 Jun 2020	15 Jun 2020	   BULK POSTING-CR_TAMILNADU SANITARY STO             05548442  14--	 / 	16899	 	320.00	9,02,829.74
15 Jun 2020	15 Jun 2020	   BULK POSTING-CR_TAMILNADU SANITARY STO             05549442  14--	 / 	16899	 	587.64	9,03,417.38
15 Jun 2020	15 Jun 2020	   TO TRANSFER-INB NEFT UTR NO: SBIN420167618059--CLASSIC CERAMICS	NEFT INB: CNABAMYUS1                              TRANSFER TO 3197944044306 / CLASSIC CERAMICS	99922	19,500.00	 	8,83,917.38
16 Jun 2020	16 Jun 2020	   BULK POSTING-CR_TAMILNADU SANITARY STO             05549442  15--	 / 	16899	 	1,993.10	8,85,910.48
16 Jun 2020	16 Jun 2020	   CASH DEPOSIT-CASH DEPOSIT SELF--	 / 	40236	 	23,500.00	9,09,410.48
17 Jun 2020	17 Jun 2020	   CASH DEPOSIT-CASH DEPOSIT SELF--	 / 	40236	 	17,000.00	9,26,410.48
17 Jun 2020	17 Jun 2020	   BULK POSTING-CR_TAMILNADU SANITARY STO             05549442  16--	 / 	16899	 	3,820.62	9,30,231.10
17 Jun 2020	17 Jun 2020	BY CLEARING / CHEQUE-INB   BY CLEARING CHQ 123395 MICR 600019015--123395	 / 123395	10395	 	5,230.00	9,35,461.10
17 Jun 2020	17 Jun 2020	   BY TRANSFER-UPI/CR/016975035292/BALASUBR/BKID/9840626344/NA--	TRANSFER FROM 5098977162098 / 	40236	 	1,800.00	9,37,261.10
17 Jun 2020	17 Jun 2020	   TO TRANSFER-INB NEFT UTR NO: SBIN120169355122--AJANTHA BATHROOM PRODUCTS AND PIPES	NEFT INB: CNABAOZYN1                              TRANSFER TO 3197944044306 / AJANTHA BATHROOM PRODUCTS AND PIPES	99922	8,665.00	 	9,28,596.10
17 Jun 2020	17 Jun 2020	   TO TRANSFER-INB NEFT UTR NO: SBIN120169384440--TRISHLA CORPORATION	NEFT INB: CNABAPARF6                              TRANSFER TO 3197944044306 / TRISHLA CORPORATION	99922	5,466.00	 	9,23,130.10
17 Jun 2020	17 Jun 2020	   TO TRANSFER-INB NEFT UTR NO: SBIN120169392209--Andavar Marketing PVT LTD	NEFT INB: CNABAPAWC4                              TRANSFER TO 3197944044306 / Andavar Marketing PVT LTD	99922	14,091.00	 	9,09,039.10
17 Jun 2020	17 Jun 2020	   TO TRANSFER-INB NEFT UTR NO: SBIN120169394117--D S Associates	NEFT INB: CNABAPAWX7                              TRANSFER TO 3197944044306 / D S Associates	99922	21,935.00	 	8,87,104.10
18 Jun 2020	18 Jun 2020	   TO TRANSFER-INB--	293905235CHD7963301               TRANSFER TO 30552730897                           TANGEDCO / 	99922	6,114.00	 	8,80,990.10
18 Jun 2020	18 Jun 2020	   TO TRANSFER-INB--	293905671CHD7963172               TRANSFER TO 30552730897                           TANGEDCO / 	99922	554.00	 	8,80,436.10
18 Jun 2020	18 Jun 2020	   BULK POSTING-CR_TAMILNADU SANITARY STO             05548442  17--	 / 	16899	 	19,483.43	8,99,919.53
18 Jun 2020	18 Jun 2020	   TO TRANSFER-INB Payment towards Invoice/Bill--	CTJ7715944               TRANSFER TO 32423647359                           ARAVIND CERAMICS PRIVA / 	99922	6,358.00	 	8,93,561.53
18 Jun 2020	18 Jun 2020	   TO TRANSFER-INB NEFT UTR NO: SBIN120170884069--NOBEL TILES WORLD	NEFT INB: CNABAPRBT5                              TRANSFER TO 3197944044306 / NOBEL TILES WORLD	99922	10,000.00	 	8,83,561.53
18 Jun 2020	18 Jun 2020	   TO TRANSFER-INB NEFT UTR NO: SBIN120170888107--TRISHLA AGENCIES	NEFT INB: CNABAPRFH7                              TRANSFER TO 3197944044306 / TRISHLA AGENCIES	99922	3,743.00	 	8,79,818.53
18 Jun 2020	18 Jun 2020	   TO TRANSFER-INB NEFT UTR NO: SBIN120170890233--International Sales Corporation	NEFT INB: CNABAPRGV5                              TRANSFER TO 3197944044306 / International Sales Corporation	99922	1,652.00	 	8,78,166.53
18 Jun 2020	18 Jun 2020	   TO TRANSFER-INB NEFT UTR NO: SBIN120170892107--K M ASSOCIATES	NEFT INB: CNABAPRHH1                              TRANSFER TO 3197944044306 / K M ASSOCIATES	99922	10,878.00	 	8,67,288.53
19 Jun 2020	19 Jun 2020	   TO TRANSFER-INB Commission of CHD7963172---	CHD7963172CX68400677               TRANSFER TO 3197691073477 / 	99922	11.80	 	8,67,276.73
19 Jun 2020	19 Jun 2020	   TO TRANSFER-INB Commission of CHD7963301---	CHD7963301CX68400561               TRANSFER TO 3197691073477 / 	99922	11.80	 	8,67,264.93
19 Jun 2020	19 Jun 2020	TO CLEARING-KVB   HUSSAIN SANITARY STORES--745538	 / 745538	10395	8,919.00	 	8,58,345.93
19 Jun 2020	19 Jun 2020	   BULK POSTING-CR_TAMILNADU SANITARY STO             05549442  18--	 / 	16899	 	12,026.36	8,70,372.29
19 Jun 2020	19 Jun 2020	BY CLEARING / CHEQUE-SIB   BY CLEARING CHQ 030901 MICR 600059005--30901	 / 30901	10395	 	905.00	8,71,277.29
23 Jun 2020	23 Jun 2020	   TO TRANSFER-INB--	109882422877CHD8275268               TRANSFER TO 4599224162091 / 	99922	1,400.66	 	8,69,876.63
23 Jun 2020	23 Jun 2020	   TO TRANSFER-INB--	109882424080CHD8275117               TRANSFER TO 4599225162090 / 	99922	1,296.82	 	8,68,579.81
23 Jun 2020	23 Jun 2020	   TO TRANSFER-INB NEFT UTR NO: SBIN420175691230--D S Associates	NEFT INB: CNABASZXB0                              TRANSFER TO 3197944044306 / D S Associates	99922	25,000.00	 	8,43,579.81
29 Jun 2020	29 Jun 2020	   BY TRANSFER-NEFT*PUNB0252300*PUNBH20181377741*ELECTROSTEEL CAS--	TRANSFER FROM 3199955044308 / 	4430	 	7,010.00	8,50,589.81

**This is a computer generated statement and does not require a signature