Account Name       :                	TAMILNADU SANITARY STORES
Address            :	NO 143,  KUTCHERY ROAD,  MYLAPORE  Chennai
                                    	CHENNAI
                                    	TAMILNADU-600004
                                    	India
Date               :                	16 Sep 2020
Account Number     :	_00000030976446269
Account Description:	CA-REGULAR-PUB-OTH-ALL-INR
Branch             :	SANTHOME
Drawing Power      :	0.00
Interest Rate(% p.a.):	0.0
MOD Balance      :	0.00
CIF No.          :	_85676868920
IFS Code         :	SBIN0040236
MICR Code        :	_600002332
Balance on 1 Jul 2020        :	8,50,589.81
Start Date          :	1 Jul 2020
End Date            :	31 Jul 2020
Txn Date	Value Date	Description	Ref No./Cheque No.	Branch Code	        Debit	Credit	Balance	
7 Jul 2020	7 Jul 2020	   TO TRANSFER-INB NEFT UTR NO: SBIN520189518391--Mylapore Gardens Residents Associat	NEFT INB: CNABBEMCL7                              TRANSFER TO 3197944044306 / Mylapore Gardens Residents Associat	99922	4,000.00	 	8,46,589.81
7 Jul 2020	7 Jul 2020	   TO TRANSFER-INB Salary Payment--	CTJ9716548               TRANSFER TO 32950808735                           Mr. KASI  R / 	99922	10,500.00	 	8,36,089.81
7 Jul 2020	7 Jul 2020	   TO TRANSFER-INB Salary Payment--	CTJ9717094               TRANSFER TO 31054735034                           Mr. NOUSHAD  ABDUL SAL / 	99922	9,000.00	 	8,27,089.81
7 Jul 2020	7 Jul 2020	   CASH DEPOSIT-CASH DEPOSIT SELF--	 / 	40236	 	10,000.00	8,37,089.81
7 Jul 2020	7 Jul 2020	BY CLEARING / CHEQUE-KVB   BY CLEARING CHQ 004000 MICR 600053008--4000	 / 4000	10395	 	2,315.00	8,39,404.81
7 Jul 2020	7 Jul 2020	   BULK POSTING-CR_TAMILNADU SANITARY STO             05548442  06--	 / 	16899	 	8,247.31	8,47,652.12
8 Jul 2020	8 Jul 2020	TO CLEARING-KVB   HUSSAIN SANITARY STORES--745539	 / 745539	10395	5,155.00	 	8,42,497.12
8 Jul 2020	8 Jul 2020	   BULK POSTING-CR_TAMILNADU SANITARY STO             05549442  07--	 / 	16899	 	4,807.27	8,47,304.39
8 Jul 2020	8 Jul 2020	   CASH DEPOSIT-CASH DEPOSIT SELF--	 / 	40236	 	10,000.00	8,57,304.39
9 Jul 2020	9 Jul 2020	   BULK POSTING-CR_TAMILNADU SANITARY STO             05548442  08--	 / 	16899	 	30,134.30	8,87,438.69
9 Jul 2020	9 Jul 2020	   BY TRANSFER-NEFT*IBKL0000010*ICMS200709003NW3*MODI CARE LIMITE--	TRANSFER FROM 3199683044306 / 	4430	 	353.00	8,87,791.69
9 Jul 2020	9 Jul 2020	   BULK POSTING-CR_TAMILNADU SANITARY STO             05549442  08--	 / 	16899	 	3,660.71	8,91,452.40
9 Jul 2020	9 Jul 2020	   CASH DEPOSIT-CASH DEPOSIT SELF--	 / 	40236	 	37,500.00	9,28,952.40
10 Jul 2020	10 Jul 2020	   TO TRANSFER-INB NEFT UTR NO: SBIN320192168505--FRIENDLY SERVICES	NEFT INB: CNABBHLIY2                              TRANSFER TO 3197944044306 / FRIENDLY SERVICES	99922	1,200.00	 	9,27,752.40
10 Jul 2020	10 Jul 2020	   TO TRANSFER-INB NEFT UTR NO: SBIN320192169381--Dural Trims and Profiles P Ltd	NEFT INB: CNABBHLLF3                              TRANSFER TO 3197944044306 / Dural Trims and Profiles P Ltd	99922	6,000.00	 	9,21,752.40
10 Jul 2020	10 Jul 2020	   TO TRANSFER-INB NEFT UTR NO: SBIN320192171031--Shri Krishna Enterprises	NEFT INB: CNABBHLMF7                              TRANSFER TO 3197944044306 / Shri Krishna Enterprises	99922	6,811.00	 	9,14,941.40
10 Jul 2020	10 Jul 2020	   TO TRANSFER-INB NEFT UTR NO: SBIN320192171728--MANGALAM SANITARY	NEFT INB: CNABBHLNF5                              TRANSFER TO 3197944044306 / MANGALAM SANITARY	99922	5,275.00	 	9,09,666.40
10 Jul 2020	10 Jul 2020	   TO TRANSFER-INB NEFT UTR NO: SBIN320192172234--D S Associates	NEFT INB: CNABBHLOS3                              TRANSFER TO 3197944044306 / D S Associates	99922	20,000.00	 	8,89,666.40
10 Jul 2020	10 Jul 2020	   BULK POSTING-CR_TAMILNADU SANITARY STO             05548442  09--	 / 	16899	 	1,040.00	8,90,706.40
11 Jul 2020	11 Jul 2020	   TO TRANSFER-INB NEFT UTR NO: SBIN420193163277--Andavar Marketing PVT LTD	NEFT INB: CNABBILIG5                              TRANSFER TO 3197944044306 / Andavar Marketing PVT LTD	99922	9,640.00	 	8,81,066.40
11 Jul 2020	11 Jul 2020	   TO TRANSFER-INB NEFT UTR NO: SBIN420193163783--ABHIVAIRAVANS PLUMBING CO	NEFT INB: CNABBILHS9                              TRANSFER TO 3197944044306 / ABHIVAIRAVANS PLUMBING CO	99922	4,503.00	 	8,76,563.40
11 Jul 2020	11 Jul 2020	   TO TRANSFER-INB NEFT UTR NO: SBIN420193163996--CLASSIC CERAMICS	NEFT INB: CNABBILIQ4                              TRANSFER TO 3197944044306 / CLASSIC CERAMICS	99922	19,900.00	 	8,56,663.40
11 Jul 2020	11 Jul 2020	   TO TRANSFER-INB NEFT UTR NO: SBIN420193164805--National Ceramic Centre	NEFT INB: CNABBILJS0                              TRANSFER TO 3197944044306 / National Ceramic Centre	99922	10,500.00	 	8,46,163.40
11 Jul 2020	11 Jul 2020	   TO TRANSFER-INB NEFT UTR NO: SBIN420193165147--K M ASSOCIATES	NEFT INB: CNABBILJZ8                              TRANSFER TO 3197944044306 / K M ASSOCIATES	99922	8,930.00	 	8,37,233.40
11 Jul 2020	11 Jul 2020	   TO TRANSFER-INB NEFT UTR NO: SBIN420193165441--Sri Kesava Traders	NEFT INB: CNABBILKF3                              TRANSFER TO 3197944044306 / Sri Kesava Traders	99922	4,230.00	 	8,33,003.40
11 Jul 2020	11 Jul 2020	   TO TRANSFER-INB NEFT UTR NO: SBIN420193166490--NOBEL TILES WORLD	NEFT INB: CNABBILMT0                              TRANSFER TO 3197944044306 / NOBEL TILES WORLD	99922	2,690.00	 	8,30,313.40
11 Jul 2020	11 Jul 2020	   BULK POSTING-CR_TAMILNADU SANITARY STO             05549442  10--	 / 	16899	 	2,374.51	8,32,687.91
11 Jul 2020	11 Jul 2020	   BULK POSTING-CR_TAMILNADU SANITARY STO             05548442  10--	 / 	16899	 	20,479.62	8,53,167.53
12 Jul 2020	12 Jul 2020	   BULK POSTING-CR_TAMILNADU SANITARY STO             05549442  11--	 / 	16899	 	2,921.98	8,56,089.51
12 Jul 2020	12 Jul 2020	   BULK POSTING-CR_TAMILNADU SANITARY STO             05548442  11--	 / 	16899	 	2,282.01	8,58,371.52
13 Jul 2020	13 Jul 2020	   CASH DEPOSIT-CASH DEPOSIT SELF--	 / 	40236	 	53,000.00	9,11,371.52
13 Jul 2020	13 Jul 2020	   CASH DEPOSIT-CASH DEPOSIT SELF--	 / 	40236	 	8,000.00	9,19,371.52
13 Jul 2020	13 Jul 2020	   BY TRANSFER-NEFT*UBIN0549622*000124373772*WELLCOME FISHERIES L--	TRANSFER FROM 3199413044306 / 	4430	 	9,100.00	9,28,471.52
14 Jul 2020	14 Jul 2020	   BULK POSTING-CR_TAMILNADU SANITARY STO             05549442  13--	 / 	16899	 	699.98	9,29,171.50
14 Jul 2020	14 Jul 2020	   CASH DEPOSIT-CASH DEPOSIT SELF--	 / 	40236	 	12,000.00	9,41,171.50
14 Jul 2020	14 Jul 2020	   TO TRANSFER-INB NEFT UTR NO: SBIN520196545044--SUPER TRADING CORPORATION	NEFT INB: CNABBKNAC7                              TRANSFER TO 3197944044306 / SUPER TRADING CORPORATION	99922	13,299.00	 	9,27,872.50
14 Jul 2020	14 Jul 2020	   TO TRANSFER-INB NEFT UTR NO: SBIN520196546921--NOBEL TILES WORLD	NEFT INB: CNABBKNBM4                              TRANSFER TO 3197944044306 / NOBEL TILES WORLD	99922	16,875.00	 	9,10,997.50
14 Jul 2020	14 Jul 2020	   TO TRANSFER-INB NEFT UTR NO: SBIN520196551536--Andavar Marketing PVT LTD	NEFT INB: CNABBKNFS1                              TRANSFER TO 3197944044306 / Andavar Marketing PVT LTD	99922	25,526.00	 	8,85,471.50
14 Jul 2020	14 Jul 2020	   TO TRANSFER-INB Payment towards Invoice/Bill--	CTK0505818               TRANSFER TO 32423647359                           ARAVIND CERAMICS PRIVA / 	99922	4,848.00	 	8,80,623.50
15 Jul 2020	15 Jul 2020	   CASH DEPOSIT-CASH DEPOSIT SELF--	 / 	40236	 	8,500.00	8,89,123.50
16 Jul 2020	16 Jul 2020	   BULK POSTING-CR_TAMILNADU SANITARY STO             05549442  15--	 / 	16899	 	6,447.40	8,95,570.90
16 Jul 2020	16 Jul 2020	BY CLEARING / CHEQUE-KOT   BY CLEARING CHQ 000516 MICR 600485003--516	 / 516	10395	 	12,150.00	9,07,720.90
16 Jul 2020	16 Jul 2020	   TO TRANSFER-INB NEFT UTR NO: SBIN220198205296--GUPTA SALES CORPORATION	NEFT INB: CNABBMMZA9                              TRANSFER TO 3197944044306 / GUPTA SALES CORPORATION	99922	7,080.00	 	9,00,640.90
16 Jul 2020	16 Jul 2020	   TO TRANSFER-INB NEFT UTR NO: SBIN220198208378--NOBEL TILES WORLD	NEFT INB: CNABBMNAN6                              TRANSFER TO 3197944044306 / NOBEL TILES WORLD	99922	470.00	 	9,00,170.90
16 Jul 2020	16 Jul 2020	   CASH DEPOSIT-CASH DEPOSIT SELF--	 / 	40236	 	10,000.00	9,10,170.90
16 Jul 2020	16 Jul 2020	   TO TRANSFER-INB NEFT UTR NO: SBIN220198210766--Andavar Marketing PVT LTD	NEFT INB: CNABBMNDQ1                              TRANSFER TO 3197944044306 / Andavar Marketing PVT LTD	99922	3,790.00	 	9,06,380.90
17 Jul 2020	17 Jul 2020	   BULK POSTING-CR_TAMILNADU SANITARY STO             05549442  16--	 / 	16899	 	278.88	9,06,659.78
17 Jul 2020	17 Jul 2020	   CASH DEPOSIT-CASH DEPOSIT SELF--	 / 	40236	 	12,000.00	9,18,659.78
17 Jul 2020	17 Jul 2020	   BULK POSTING-CR_TAMILNADU SANITARY STO             05548442  16--	 / 	16899	 	8,581.94	9,27,241.72
18 Jul 2020	18 Jul 2020	   TO TRANSFER-INB NEFT UTR NO: SBIN320200449025--National Ceramic Centre	NEFT INB: CNABBNXJC1                              TRANSFER TO 3197944044306 / National Ceramic Centre	99922	1,395.00	 	9,25,846.72
18 Jul 2020	18 Jul 2020	   TO TRANSFER-INB NEFT UTR NO: SBIN320200449374--D S Associates	NEFT INB: CNABBNXJS5                              TRANSFER TO 3197944044306 / D S Associates	99922	23,327.00	 	9,02,519.72
18 Jul 2020	18 Jul 2020	   TO TRANSFER-INB NEFT UTR NO: SBIN320200449782--Nizam Sanitary Stores	NEFT INB: CNABBNXLP0                              TRANSFER TO 3197944044306 / Nizam Sanitary Stores	99922	10,500.00	 	8,92,019.72
18 Jul 2020	18 Jul 2020	   TO TRANSFER-INB NEFT UTR NO: SBIN320200450651--Andavar Marketing PVT LTD	NEFT INB: CNABBNXMZ9                              TRANSFER TO 3197944044306 / Andavar Marketing PVT LTD	99922	15,216.00	 	8,76,803.72
18 Jul 2020	18 Jul 2020	BY CLEARING / CHEQUE-CBI   BY CLEARING CHQ 095858 MICR 600016003--95858	 / 95858	10395	 	2,850.00	8,79,653.72
18 Jul 2020	18 Jul 2020	   BY TRANSFER-NEFT*PUNB0252300*PUNBH20200929578*ELECTROSTEEL CAS--	TRANSFER FROM 3199412044307 / 	4430	 	5,330.00	8,84,983.72
18 Jul 2020	18 Jul 2020	   CASH DEPOSIT-CASH DEPOSIT SELF--	 / 	40236	 	7,000.00	8,91,983.72
18 Jul 2020	18 Jul 2020	   BULK POSTING-CR_TAMILNADU SANITARY STO             05548442  17--	 / 	16899	 	2,970.00	8,94,953.72
18 Jul 2020	18 Jul 2020	   TO TRANSFER-INB NEFT UTR NO: SBIN320200715871--Dural Trims and Profiles P Ltd	NEFT INB: CNABBOHNR5                              TRANSFER TO 3197944044306 / Dural Trims and Profiles P Ltd	99922	6,839.00	 	8,88,114.72
18 Jul 2020	18 Jul 2020	   TO TRANSFER-INB NEFT UTR NO: SBIN320200718377--MANGALAM SANITARY	NEFT INB: CNABBOHPE2                              TRANSFER TO 3197944044306 / MANGALAM SANITARY	99922	7,203.00	 	8,80,911.72
19 Jul 2020	19 Jul 2020	   BULK POSTING-CR_TAMILNADU SANITARY STO             05548442  18--	 / 	16899	 	8,983.57	8,89,895.29
19 Jul 2020	19 Jul 2020	   BULK POSTING-CR_TAMILNADU SANITARY STO             05549442  18--	 / 	16899	 	587.64	8,90,482.93
20 Jul 2020	20 Jul 2020	TO CLEARING-IOB   NEW ROYAL ELECTRICALS--745540	 / 745540	10395	3,215.00	 	8,87,267.93
21 Jul 2020	21 Jul 2020	   TO TRANSFER-INB NEFT UTR NO: SBIN420203823503--TRISHLA CORPORATION	NEFT INB: CNABBPWFA5                              TRANSFER TO 3197944044306 / TRISHLA CORPORATION	99922	5,723.00	 	8,81,544.93
21 Jul 2020	21 Jul 2020	   TO TRANSFER-INB NEFT UTR NO: SBIN420203823399--TRISHLA CORPORATION	NEFT INB: CNABBPWEP1                              TRANSFER TO 3197944044306 / TRISHLA CORPORATION	99922	3,187.00	 	8,78,357.93
21 Jul 2020	21 Jul 2020	   TO TRANSFER-INB NEFT UTR NO: SBIN420203824727--NOBEL TILES WORLD	NEFT INB: CNABBPWGJ6                              TRANSFER TO 3197944044306 / NOBEL TILES WORLD	99922	15,660.00	 	8,62,697.93
21 Jul 2020	21 Jul 2020	   TO TRANSFER-INB NEFT UTR NO: SBIN420203826075--Flobest Marketing	NEFT INB: CNABBPWHH0                              TRANSFER TO 3197944044306 / Flobest Marketing	99922	6,538.00	 	8,56,159.93
21 Jul 2020	21 Jul 2020	   TO TRANSFER-INB RES tel bill--	205674186CB05403291               TRANSFER TO 3199632162091 / 	99922	1,296.82	 	8,54,863.11
21 Jul 2020	21 Jul 2020	   TO TRANSFER-INB OFF tel bill--	205674185CB05400650               TRANSFER TO 3199632162091 / 	99922	1,365.26	 	8,53,497.85
21 Jul 2020	21 Jul 2020	   CASH DEPOSIT-CASH DEPOSIT SELF--	 / 	40236	 	10,000.00	8,63,497.85
21 Jul 2020	21 Jul 2020	   BULK POSTING-CR_TAMILNADU SANITARY STO             05549442  20--	 / 	16899	 	7,551.75	8,71,049.60
21 Jul 2020	21 Jul 2020	   BULK POSTING-CR_TAMILNADU SANITARY STO             05548442  20--	 / 	16899	 	4,996.37	8,76,045.97
22 Jul 2020	22 Jul 2020	   BY TRANSFER-NEFT*IBKL0000022*IBKL200722261941*SABNANI AND CO*--	TRANSFER FROM 3199411044308 / 	4430	 	1,350.00	8,77,395.97
22 Jul 2020	22 Jul 2020	   CASH DEPOSIT-CASH DEPOSIT SELF--	 / 	40236	 	9,500.00	8,86,895.97
22 Jul 2020	22 Jul 2020	   BY TRANSFER-INB IMPS020417521425/9840251125/XX0307/Final bala--	MAA000524001031          MAA000524001031          TRANSFER FROM 4897989162098 / 	99922	 	22,700.00	9,09,595.97
23 Jul 2020	23 Jul 2020	   BULK POSTING-CR_TAMILNADU SANITARY STO             05548442  22--	 / 	16899	 	34,076.42	9,43,672.39
23 Jul 2020	23 Jul 2020	   CASH DEPOSIT-CASH DEPOSIT SELF--	 / 	40236	 	28,000.00	9,71,672.39
23 Jul 2020	23 Jul 2020	BY CLEARING / CHEQUE-HDF   BY CLEARING CHQ 000011 MICR 600240103--11	 / 11	10395	 	7,000.00	9,78,672.39
23 Jul 2020	23 Jul 2020	   CASH DEPOSIT-CASH DEPOSIT SELF--	 / 	40236	 	12,000.00	9,90,672.39
24 Jul 2020	24 Jul 2020	   TO TRANSFER-INB NEFT UTR NO: SBIN120206840232--Andavar Marketing PVT LTD	NEFT INB: CNABBSQTJ9                              TRANSFER TO 3197944044306 / Andavar Marketing PVT LTD	99922	21,040.00	 	9,69,632.39
24 Jul 2020	24 Jul 2020	   CASH DEPOSIT-CASH DEPOSIT SELF--	 / 	40236	 	33,000.00	10,02,632.39
24 Jul 2020	24 Jul 2020	   BULK POSTING-CR_TAMILNADU SANITARY STO             05548442  23--	 / 	16899	 	16,283.95	10,18,916.34
25 Jul 2020	25 Jul 2020	   BULK POSTING-CR_TAMILNADU SANITARY STO             05549442  24--	 / 	16899	 	28,129.10	10,47,045.44
25 Jul 2020	25 Jul 2020	   TO TRANSFER-INB NEFT UTR NO: SBIN220207763434--Andavar Marketing PVT LTD	NEFT INB: CNABBTPHK1                              TRANSFER TO 3197944044306 / Andavar Marketing PVT LTD	99922	47,683.00	 	9,99,362.44
25 Jul 2020	25 Jul 2020	   TO TRANSFER-INB NEFT UTR NO: SBIN220207766132--NOBEL TILES WORLD	NEFT INB: CNABBTPJU1                              TRANSFER TO 3197944044306 / NOBEL TILES WORLD	99922	18,120.00	 	9,81,242.44
25 Jul 2020	25 Jul 2020	   TO TRANSFER-INB NEFT UTR NO: SBIN220207766460--National Ceramic Centre	NEFT INB: CNABBTPJK2                              TRANSFER TO 3197944044306 / National Ceramic Centre	99922	13,125.00	 	9,68,117.44
25 Jul 2020	25 Jul 2020	   TO TRANSFER-INB NEFT UTR NO: SBIN220207779725--D S Associates	NEFT INB: CNABBTQAY7                              TRANSFER TO 3197944044306 / D S Associates	99922	23,542.00	 	9,44,575.44
26 Jul 2020	26 Jul 2020	   BULK POSTING-CR_TAMILNADU SANITARY STO             05549442  25--	 / 	16899	 	15,989.69	9,60,565.13
27 Jul 2020	27 Jul 2020	TO CLEARING-CBI   BHARATH ENTE SHAHUL HAMEE--116676	 / 116676	10395	6,939.00	 	9,53,626.13
27 Jul 2020	27 Jul 2020	   TO TRANSFER-INB--	20073300399824CKN3907479               TRANSFER TO 36959636574                           POOLING ACCOUNT GST-MM / 	99922	30,804.00	 	9,22,822.13
27 Jul 2020	27 Jul 2020	   TO TRANSFER-INB--	20073300399907CKN3907674               TRANSFER TO 36959621228                           POOLING ACCOUNT GST-MM / 	99922	14,262.00	 	9,08,560.13
27 Jul 2020	27 Jul 2020	   CASH DEPOSIT-CASH DEPOSIT SELF--	 / 	40236	 	90,000.00	9,98,560.13
27 Jul 2020	27 Jul 2020	   CASH DEPOSIT-CASH DEPOSIT SELF--	 / 	40236	 	24,500.00	10,23,060.13
28 Jul 2020	28 Jul 2020	   BULK POSTING-CR_TAMILNADU SANITARY STO             05549442  27--	 / 	16899	 	3,838.05	10,26,898.18
28 Jul 2020	28 Jul 2020	   CASH DEPOSIT-CASH DEPOSIT SELF--	 / 	40236	 	17,000.00	10,43,898.18
28 Jul 2020	28 Jul 2020	BY CLEARING / CHEQUE-CBI   BY CLEARING CHQ 022072 MICR 600016003--22072	 / 22072	10395	 	2,500.00	10,46,398.18
28 Jul 2020	28 Jul 2020	BY CLEARING / CHEQUE-CBI   BY CLEARING CHQ 126549 MICR 600016030--126549	 / 126549	10395	 	48,427.00	10,94,825.18
28 Jul 2020	28 Jul 2020	   TO TRANSFER-INB Payment towards Invoice/Bill--	CTK1976062               TRANSFER TO 57002369188                           NELLAI CERAMIC CENTRE / 	99922	3,299.00	 	10,91,526.18
28 Jul 2020	28 Jul 2020	   TO TRANSFER-INB NEFT UTR NO: SBIN420210603200--TRISHLA CORPORATION	NEFT INB: CNABBVOVV3                              TRANSFER TO 3197944044306 / TRISHLA CORPORATION	99922	5,723.00	 	10,85,803.18
28 Jul 2020	28 Jul 2020	   TO TRANSFER-INB NEFT UTR NO: SBIN420210604613--TRISHLA CORPORATION	NEFT INB: CNABBVOXB5                              TRANSFER TO 3197944044306 / TRISHLA CORPORATION	99922	3,556.00	 	10,82,247.18
28 Jul 2020	28 Jul 2020	   TO TRANSFER-INB NEFT UTR NO: SBIN420210615016--ASHOK SANITARY WARE	NEFT INB: CNABBVPDP6                              TRANSFER TO 3197944044306 / ASHOK SANITARY WARE	99922	1,950.00	 	10,80,297.18
28 Jul 2020	28 Jul 2020	   TO TRANSFER-INB NEFT UTR NO: SBIN420210617273--Andavar Marketing PVT LTD	NEFT INB: CNABBVPEH1                              TRANSFER TO 3197944044306 / Andavar Marketing PVT LTD	99922	28,306.00	 	10,51,991.18
29 Jul 2020	29 Jul 2020	   TO TRANSFER-INB NEFT UTR NO: SBIN420211951524--SUPER TRADING CORPORATION	NEFT INB: CNABBVZZX8                              TRANSFER TO 3197944044306 / SUPER TRADING CORPORATION	99922	16,498.00	 	10,35,493.18
29 Jul 2020	29 Jul 2020	   TO TRANSFER-INB NEFT UTR NO: SBIN420211955118--AIM TECH VIKING	NEFT INB: CNABBWAAO6                              TRANSFER TO 3197944044306 / AIM TECH VIKING	99922	10,000.00	 	10,25,493.18
29 Jul 2020	29 Jul 2020	   TO TRANSFER-INB NEFT UTR NO: SBIN420211957308--Shabbir Sanitary Stores	NEFT INB: CNABBWACJ8                              TRANSFER TO 3197944044306 / Shabbir Sanitary Stores	99922	5,620.00	 	10,19,873.18
29 Jul 2020	29 Jul 2020	   TO TRANSFER-INB NEFT UTR NO: SBIN420211965665--D S Associates	NEFT INB: CNABBWAGJ8                              TRANSFER TO 3197944044306 / D S Associates	99922	19,298.00	 	10,00,575.18
29 Jul 2020	29 Jul 2020	   TO TRANSFER-INB NEFT UTR NO: SBIN420211967627--K M ASSOCIATES	NEFT INB: CNABBWAHU6                              TRANSFER TO 3197944044306 / K M ASSOCIATES	99922	9,310.00	 	9,91,265.18
29 Jul 2020	29 Jul 2020	   TO TRANSFER-INB NEFT UTR NO: SBIN420211968125--Sri Kesava Traders	NEFT INB: CNABBWAGV0                              TRANSFER TO 3197944044306 / Sri Kesava Traders	99922	4,000.00	 	9,87,265.18
29 Jul 2020	29 Jul 2020	   TO TRANSFER-INB NEFT UTR NO: SBIN420211968699--Annam Enterprises	NEFT INB: CNABBWAIG4                              TRANSFER TO 3197944044306 / Annam Enterprises	99922	8,113.00	 	9,79,152.18
29 Jul 2020	29 Jul 2020	   TO TRANSFER-INB NEFT UTR NO: SBIN420211969035--SHYAMS ENTERPRISES	NEFT INB: CNABBWAIT9                              TRANSFER TO 3197944044306 / SHYAMS ENTERPRISES	99922	7,045.00	 	9,72,107.18
29 Jul 2020	29 Jul 2020	   TO TRANSFER-INB NEFT UTR NO: SBIN420211969928--MANGALAM SANITARY	NEFT INB: CNABBWAJM9                              TRANSFER TO 3197944044306 / MANGALAM SANITARY	99922	1,817.00	 	9,70,290.18
29 Jul 2020	29 Jul 2020	   TO TRANSFER-INB NEFT UTR NO: SBIN420211970421--ARUNKUMAR MANOHARAN	NEFT INB: CNABBWAJV4                              TRANSFER TO 3197944044306 / ARUNKUMAR MANOHARAN	99922	5,000.00	 	9,65,290.18
29 Jul 2020	29 Jul 2020	   TO TRANSFER-INB NEFT UTR NO: SBIN420211971574--ARUNKUMAR MANOHARAN	NEFT INB: CNABBWAKA9                              TRANSFER TO 3197944044306 / ARUNKUMAR MANOHARAN	99922	5,000.00	 	9,60,290.18
29 Jul 2020	29 Jul 2020	   BULK POSTING-CR_TAMILNADU SANITARY STO             05549442  28--	 / 	16899	 	10,322.66	9,70,612.84
29 Jul 2020	29 Jul 2020	   TO TRANSFER-INB Payment towards Invoice/Bill--	CTK2073781               TRANSFER TO 32423647359                           ARAVIND CERAMICS PRIVA / 	99922	5,780.00	 	9,64,832.84
29 Jul 2020	29 Jul 2020	   TO TRANSFER-INB Payment towards Invoice/Bill--	CTK2075534               TRANSFER TO 31547097771                           KHUZEMA MAMUWALA & CO / 	99922	5,630.00	 	9,59,202.84
30 Jul 2020	30 Jul 2020	   TO TRANSFER-INB NEFT UTR NO: SBIN520212776159--GUPTA SALES CORPORATION	NEFT INB: CNABBWVFU2                              TRANSFER TO 3197944044306 / GUPTA SALES CORPORATION	99922	5,154.00	 	9,54,048.84
30 Jul 2020	30 Jul 2020	   TO TRANSFER-INB NEFT UTR NO: SBIN520212781403--ABHIVAIRAVANS PLUMBING CO	NEFT INB: CNABBWVMA5                              TRANSFER TO 3197944044306 / ABHIVAIRAVANS PLUMBING CO	99922	9,027.00	 	9,45,021.84
30 Jul 2020	30 Jul 2020	   BULK POSTING-CR_TAMILNADU SANITARY STO             05548442  29--	 / 	16899	 	7,922.98	9,52,944.82
30 Jul 2020	30 Jul 2020	   BULK POSTING-CR_TAMILNADU SANITARY STO             05549442  29--	 / 	16899	 	2,107.38	9,55,052.20
30 Jul 2020	30 Jul 2020	   TO TRANSFER-INB NEFT UTR NO: SBIN520212783619--CLASSIC CERAMICS	NEFT INB: CNABBWVNM8                              TRANSFER TO 3197944044306 / CLASSIC CERAMICS	99922	18,850.00	 	9,36,202.20
30 Jul 2020	30 Jul 2020	   TO TRANSFER-INB NEFT UTR NO: SBIN520212784124--National Ceramic Centre	NEFT INB: CNABBWVNT9                              TRANSFER TO 3197944044306 / National Ceramic Centre	99922	1,920.00	 	9,34,282.20
30 Jul 2020	30 Jul 2020	   TO TRANSFER-INB NEFT UTR NO: SBIN520212785197--MANGALAM SANITARY	NEFT INB: CNABBWVPH1                              TRANSFER TO 3197944044306 / MANGALAM SANITARY	99922	2,103.00	 	9,32,179.20
30 Jul 2020	30 Jul 2020	   TO TRANSFER-INB NEFT UTR NO: SBIN520212846583--NOBEL TILES WORLD	NEFT INB: CNABBWXHR1                              TRANSFER TO 3197944044306 / NOBEL TILES WORLD	99922	17,670.00	 	9,14,509.20
30 Jul 2020	30 Jul 2020	   BY TRANSFER-NEFT*IOBA0001679*IOBAN20212555041*A ANBAZHAGAN*--	TRANSFER FROM 3199679044302 / 	4430	 	4,500.00	9,19,009.20
30 Jul 2020	30 Jul 2020	   BY TRANSFER-NEFT*UBIN0553077*000129077392*CAPCF-WELLCOME FISHE--	TRANSFER FROM 3199972044308 / 	4430	 	9,800.00	9,28,809.20
31 Jul 2020	31 Jul 2020	   BULK POSTING-CR_TAMILNADU SANITARY STO             05549442  30--	 / 	16899	 	8,362.25	9,37,171.45
31 Jul 2020	31 Jul 2020	   BULK POSTING-CR_TAMILNADU SANITARY STO             05548442  30--	 / 	16899	 	293.70	9,37,465.15

**This is a computer generated statement and does not require a signature