Account Name       :                	TAMILNADU SANITARY STORES
Address            :	NO 143,  KUTCHERY ROAD,  MYLAPORE  Chennai
                                    	CHENNAI
                                    	TAMILNADU-600004
                                    	India
Date               :                	16 Sep 2020
Account Number     :	_00000030976446269
Account Description:	CA-REGULAR-PUB-OTH-ALL-INR
Branch             :	SANTHOME
Drawing Power      :	0.00
Interest Rate(% p.a.):	0.0
MOD Balance      :	0.00
CIF No.          :	_85676868920
IFS Code         :	SBIN0040236
MICR Code        :	_600002332
Balance on 1 Aug 2020        :	9,37,465.15
Start Date          :	1 Aug 2020
End Date            :	31 Aug 2020
Txn Date	Value Date	Description	Ref No./Cheque No.	Branch Code	        Debit	Credit	Balance	
1 Aug 2020	1 Aug 2020	   TO TRANSFER-INB NEFT UTR NO: SBIN320214165650--Andavar Marketing PVT LTD	NEFT INB: CNABBYOTU6                              TRANSFER TO 3197944044306 / Andavar Marketing PVT LTD	99922	43,647.00	 	8,93,818.15
1 Aug 2020	1 Aug 2020	   TO TRANSFER-INB NEFT UTR NO: SBIN320214165210--NOBEL TILES WORLD	NEFT INB: CNABBYOUQ7                              TRANSFER TO 3197944044306 / NOBEL TILES WORLD	99922	2,850.00	 	8,90,968.15
1 Aug 2020	1 Aug 2020	   TO TRANSFER-INB NEFT UTR NO: SBIN320214165394--National Ceramic Centre	NEFT INB: CNABBYOUU9                              TRANSFER TO 3197944044306 / National Ceramic Centre	99922	14,500.00	 	8,76,468.15
1 Aug 2020	1 Aug 2020	   TO TRANSFER-INB NEFT UTR NO: SBIN320214166906--CLASSIC CERAMICS	NEFT INB: CNABBYOWN7                              TRANSFER TO 3197944044306 / CLASSIC CERAMICS	99922	4,160.00	 	8,72,308.15
2 Aug 2020	2 Aug 2020	   BULK POSTING-CR_TAMILNADU SANITARY STO             05549442  01--	 / 	16899	 	1,095.60	8,73,403.75
2 Aug 2020	2 Aug 2020	   BULK POSTING-CR_TAMILNADU SANITARY STO             05548442  01--	 / 	16899	 	3,450.00	8,76,853.75
3 Aug 2020	3 Aug 2020	   BY TRANSFER-INB IMPS021609397484/7299090199/XX2296/Narayan La--	MAA000530340901          MAA000530340901          TRANSFER FROM 4897960162090 / 	99922	 	8,500.00	8,85,353.75
3 Aug 2020	3 Aug 2020	   CSH DEP (CDM)-9092052786--	 / 	4292	 	38,000.00	9,23,353.75
3 Aug 2020	3 Aug 2020	   CSH DEP (CDM)-9092052786--	 / 	4292	 	13,500.00	9,36,853.75
3 Aug 2020	3 Aug 2020	   CSH DEP (CDM)-9092052786--	 / 	4292	 	500.00	9,37,353.75
4 Aug 2020	4 Aug 2020	   TO TRANSFER-INB NEFT UTR NO: SBIN420217491737--ABHIVAIRAVANS PLUMBING CO	NEFT INB: CNABBZZFG0                              TRANSFER TO 3197944044306 / ABHIVAIRAVANS PLUMBING CO	99922	651.00	 	9,36,702.75
4 Aug 2020	4 Aug 2020	   TO TRANSFER-INB NEFT UTR NO: SBIN420217493050--Sattar Sanitary Stores	NEFT INB: CNABBZZGK5                              TRANSFER TO 3197944044306 / Sattar Sanitary Stores	99922	14,729.00	 	9,21,973.75
4 Aug 2020	4 Aug 2020	   TO TRANSFER-INB Salary Payment--	CTK2580467               TRANSFER TO 32950808735                           Mr. KASI  R / 	99922	17,000.00	 	9,04,973.75
4 Aug 2020	4 Aug 2020	   TO TRANSFER-INB NEFT UTR NO: SBIN420217504171--K M ASSOCIATES	NEFT INB: CNABBZZSZ6                              TRANSFER TO 3197944044306 / K M ASSOCIATES	99922	4,437.00	 	9,00,536.75
4 Aug 2020	4 Aug 2020	   TO TRANSFER-INB NEFT UTR NO: SBIN420217504738--D S Associates	NEFT INB: CNABBZZVK8                              TRANSFER TO 3197944044306 / D S Associates	99922	15,769.00	 	8,84,767.75
4 Aug 2020	4 Aug 2020	   BULK POSTING-CR_TAMILNADU SANITARY STO             05548442  03--	 / 	16899	 	2,671.33	8,87,439.08
4 Aug 2020	4 Aug 2020	   BULK POSTING-CR_TAMILNADU SANITARY STO             05549442  03--	 / 	16899	 	420.97	8,87,860.05
4 Aug 2020	4 Aug 2020	   CSH DEP (CDM)-9092052786--	 / 	4292	 	18,000.00	9,05,860.05
4 Aug 2020	4 Aug 2020	BY CLEARING / CHEQUE-UBI   BY CLEARING CHQ 034840 MICR 600026009--34840	 / 34840	10395	 	2,200.00	9,08,060.05
5 Aug 2020	5 Aug 2020	   CSH DEP (CDM)-9092052786--	 / 	4292	 	14,000.00	9,22,060.05
5 Aug 2020	5 Aug 2020	   TO TRANSFER-INB NEFT UTR NO: SBIN520218803713--Mylapore Gardens Residents Associat	NEFT INB: CNABCBJUD1                              TRANSFER TO 3197944044306 / Mylapore Gardens Residents Associat	99922	4,000.00	 	9,18,060.05
5 Aug 2020	5 Aug 2020	   TO TRANSFER-INB NEFT UTR NO: SBIN520218805086--Germa Sanitarywares PVT LTD	NEFT INB: CNABCBJUH7                              TRANSFER TO 3197944044306 / Germa Sanitarywares PVT LTD	99922	4,500.00	 	9,13,560.05
5 Aug 2020	5 Aug 2020	   CASH DEPOSIT-CASH DEPOSIT SELF--	 / 	40236	 	16,000.00	9,29,560.05
6 Aug 2020	6 Aug 2020	TO CLEARING-KVB   NAGULSAMY  S--116680	 / 116680	10395	9,600.00	 	9,19,960.05
6 Aug 2020	6 Aug 2020	   BULK POSTING-CR_TAMILNADU SANITARY STO             05548442  05--	 / 	16899	 	854.57	9,20,814.62
6 Aug 2020	6 Aug 2020	   BULK POSTING-CR_TAMILNADU SANITARY STO             05549442  05--	 / 	16899	 	680.00	9,21,494.62
6 Aug 2020	6 Aug 2020	   CSH DEP (CDM)-9092052786--	 / 	4292	 	19,500.00	9,40,994.62
6 Aug 2020	6 Aug 2020	   CASH DEPOSIT-CASH DEPOSIT SELF--	 / 	40236	 	7,000.00	9,47,994.62
6 Aug 2020	6 Aug 2020	   TO TRANSFER-INB Payment towards Invoice/Bill--	CTK2931185               TRANSFER TO 57002369188                           NELLAI CERAMIC CENTRE / 	99922	3,956.00	 	9,44,038.62
6 Aug 2020	6 Aug 2020	   TO TRANSFER-INB NEFT UTR NO: SBIN220219152237--National Ceramic Centre	NEFT INB: CNABCCSGC4                              TRANSFER TO 3197944044306 / National Ceramic Centre	99922	14,400.00	 	9,29,638.62
6 Aug 2020	6 Aug 2020	   TO TRANSFER-INB NEFT UTR NO: SBIN220219155041--AJANTHA BATHROOM PRODUCTS AND PIPES	NEFT INB: CNABCCSJY6                              TRANSFER TO 3197944044306 / AJANTHA BATHROOM PRODUCTS AND PIPES	99922	15,454.00	 	9,14,184.62
6 Aug 2020	6 Aug 2020	   TO TRANSFER-INB NEFT UTR NO: SBIN220219157019--NOBEL TILES WORLD	NEFT INB: CNABCCSJM3                              TRANSFER TO 3197944044306 / NOBEL TILES WORLD	99922	16,575.00	 	8,97,609.62
6 Aug 2020	6 Aug 2020	   TO TRANSFER-INB NEFT UTR NO: SBIN220219158961--Andavar Marketing PVT LTD	NEFT INB: CNABCCSKY5                              TRANSFER TO 3197944044306 / Andavar Marketing PVT LTD	99922	22,725.00	 	8,74,884.62
6 Aug 2020	6 Aug 2020	   TO TRANSFER-INB NEFT UTR NO: SBIN220219172367--D S Associates	NEFT INB: CNABCCSQS4                              TRANSFER TO 3197944044306 / D S Associates	99922	15,172.00	 	8,59,712.62
7 Aug 2020	7 Aug 2020	BY CLEARING / CHEQUE-KVB   BY CLEARING CHQ 000627 MICR 600053055--627	 / 627	10395	 	7,600.00	8,67,312.62
7 Aug 2020	7 Aug 2020	BY CLEARING / CHEQUE-KOT   BY CLEARING CHQ 000006 MICR 600485025--6	 / 6	10395	 	22,425.00	8,89,737.62
7 Aug 2020	7 Aug 2020	   CASH DEPOSIT-CASH DEPOSIT SELF--	 / 	40236	 	25,000.00	9,14,737.62
8 Aug 2020	8 Aug 2020	   BULK POSTING-CR_TAMILNADU SANITARY STO             05549442  07--	 / 	16899	 	10,022.24	9,24,759.86
8 Aug 2020	8 Aug 2020	   BULK POSTING-CR_TAMILNADU SANITARY STO             05548442  07--	 / 	16899	 	5,558.75	9,30,318.61
8 Aug 2020	8 Aug 2020	   TO TRANSFER-INB NEFT UTR NO: SBIN320221741565--D S Associates	NEFT INB: CNABCEOCI4                              TRANSFER TO 3197944044306 / D S Associates	99922	13,956.00	 	9,16,362.61
8 Aug 2020	8 Aug 2020	   TO TRANSFER-INB NEFT UTR NO: SBIN320221744949--Andavar Marketing PVT LTD	NEFT INB: CNABCEOGQ6                              TRANSFER TO 3197944044306 / Andavar Marketing PVT LTD	99922	9,450.00	 	9,06,912.61
8 Aug 2020	8 Aug 2020	   TO TRANSFER-INB NEFT UTR NO: SBIN320221745736--NOBEL TILES WORLD	NEFT INB: CNABCEOGM7                              TRANSFER TO 3197944044306 / NOBEL TILES WORLD	99922	10,000.00	 	8,96,912.61
8 Aug 2020	8 Aug 2020	   TO TRANSFER-INB NEFT UTR NO: SBIN320221746563--National Ceramic Centre	NEFT INB: CNABCEOIG9                              TRANSFER TO 3197944044306 / National Ceramic Centre	99922	15,000.00	 	8,81,912.61
8 Aug 2020	8 Aug 2020	   TO TRANSFER-INB NEFT UTR NO: SBIN320221748096--D S Associates	NEFT INB: CNABCEOLV8                              TRANSFER TO 3197944044306 / D S Associates	99922	10,547.00	 	8,71,365.61
8 Aug 2020	8 Aug 2020	   TO TRANSFER-INB NEFT UTR NO: SBIN320221748353--K M ASSOCIATES	NEFT INB: CNABCEOMJ0                              TRANSFER TO 3197944044306 / K M ASSOCIATES	99922	7,885.00	 	8,63,480.61
8 Aug 2020	8 Aug 2020	   TO TRANSFER-INB NEFT UTR NO: SBIN320221748707--Sri Kesava Traders	NEFT INB: CNABCEOMQ9                              TRANSFER TO 3197944044306 / Sri Kesava Traders	99922	4,550.00	 	8,58,930.61
8 Aug 2020	8 Aug 2020	   TO TRANSFER-INB NEFT UTR NO: SBIN320221748938--GUPTA SALES CORPORATION	NEFT INB: CNABCEOOK4                              TRANSFER TO 3197944044306 / GUPTA SALES CORPORATION	99922	1,416.00	 	8,57,514.61
9 Aug 2020	9 Aug 2020	   BULK POSTING-CR_TAMILNADU SANITARY STO             05549442  08--	 / 	16899	 	14,194.65	8,71,709.26
10 Aug 2020	10 Aug 2020	   CASH DEPOSIT-CASH DEPOSIT SELF--	 / 	40236	 	43,500.00	9,15,209.26
10 Aug 2020	10 Aug 2020	   TO TRANSFER-INB NEFT UTR NO: SBIN420223181919--Andavar Marketing PVT LTD	NEFT INB: CNABCFFMC7                              TRANSFER TO 3197944044306 / Andavar Marketing PVT LTD	99922	21,450.00	 	8,93,759.26
10 Aug 2020	10 Aug 2020	   TO TRANSFER-INB NEFT UTR NO: SBIN420223192448--PROVIDENT MARKETING	NEFT INB: CNABCFFWO9                              TRANSFER TO 3197944044306 / PROVIDENT MARKETING	99922	7,295.00	 	8,86,464.26
10 Aug 2020	10 Aug 2020	   CASH DEPOSIT-CASH DEPOSIT SELF--	 / 	40236	 	23,000.00	9,09,464.26
11 Aug 2020	11 Aug 2020	   BULK POSTING-CR_TAMILNADU SANITARY STO             05549442  10--	 / 	16899	 	23,892.89	9,33,357.15
11 Aug 2020	11 Aug 2020	BY CLEARING / CHEQUE-VJB   BY CLEARING CHQ 362305 MICR 600029002--362305	 / 362305	10395	 	22,560.00	9,55,917.15
12 Aug 2020	12 Aug 2020	   BULK POSTING-CR_TAMILNADU SANITARY STO             05549442  11--	 / 	16899	 	3,821.43	9,59,738.58
12 Aug 2020	12 Aug 2020	   CSH DEP (CDM)-9092052786--	 / 	4292	 	29,500.00	9,89,238.58
12 Aug 2020	12 Aug 2020	CHEQUE WDL-CHEQUE TRANSFER TO--745531	TRANSFER FROM 32818937606                         GOLDEN HARDWARE CENTRE / 745531	40236	5,020.00	 	9,84,218.58
12 Aug 2020	12 Aug 2020	   BULK POSTING-CR_TAMILNADU SANITARY STO             05548442  11--	 / 	16899	 	4,086.14	9,88,304.72
12 Aug 2020	12 Aug 2020	   TO TRANSFER-INB ICICI_CC Payments--	SSBI9107236078CHE1675766               TRANSFER TO 3199597162098 / 	99922	7,315.00	 	9,80,989.72
13 Aug 2020	13 Aug 2020	   BULK POSTING-CR_TAMILNADU SANITARY STO             05548442  12--	 / 	16899	 	537.84	9,81,527.56
13 Aug 2020	13 Aug 2020	   BULK POSTING-CR_TAMILNADU SANITARY STO             05549442  12--	 / 	16899	 	1,872.48	9,83,400.04
13 Aug 2020	13 Aug 2020	   CASH DEPOSIT-CASH DEPOSIT SELF--	 / 	40236	 	17,000.00	10,00,400.04
13 Aug 2020	13 Aug 2020	   TO TRANSFER-INB NEFT UTR NO: SBIN120226763924--WATERTEC INDIA PVT LTD	NEFT INB: CNABCICAW3                              TRANSFER TO 3197944044306 / WATERTEC INDIA PVT LTD	99922	13,307.00	 	9,87,093.04
13 Aug 2020	13 Aug 2020	   TO TRANSFER-INB Payment towards Invoice/Bill--	CTK3645075               TRANSFER TO 57002369188                           NELLAI CERAMIC CENTRE / 	99922	2,528.00	 	9,84,565.04
13 Aug 2020	13 Aug 2020	   TO TRANSFER-INB NEFT UTR NO: SBIN120226767205--AJANTHA BATHROOM PRODUCTS AND PIPES	NEFT INB: CNABCICIN8                              TRANSFER TO 3197944044306 / AJANTHA BATHROOM PRODUCTS AND PIPES	99922	10,800.00	 	9,73,765.04
13 Aug 2020	13 Aug 2020	   TO TRANSFER-INB NEFT UTR NO: SBIN120226769043--National Ceramic Centre	NEFT INB: CNABCICHK9                              TRANSFER TO 3197944044306 / National Ceramic Centre	99922	8,265.00	 	9,65,500.04
13 Aug 2020	13 Aug 2020	   TO TRANSFER-INB NEFT UTR NO: SBIN120226770303--Andavar Marketing PVT LTD	NEFT INB: CNABCICKS8                              TRANSFER TO 3197944044306 / Andavar Marketing PVT LTD	99922	13,795.00	 	9,51,705.04
13 Aug 2020	13 Aug 2020	   TO TRANSFER-INB NEFT UTR NO: SBIN120226773213--SUPER TRADING CORPORATION	NEFT INB: CNABCICOS7                              TRANSFER TO 3197944044306 / SUPER TRADING CORPORATION	99922	15,000.00	 	9,36,705.04
13 Aug 2020	13 Aug 2020	   CASH DEPOSIT-CASH DEPOSIT SELF--	 / 	40236	 	7,500.00	9,44,205.04
14 Aug 2020	14 Aug 2020	   BULK POSTING-CR_TAMILNADU SANITARY STO             05549442  13--	 / 	16899	 	13,018.06	9,57,223.10
14 Aug 2020	14 Aug 2020	   CASH DEPOSIT-CASH DEPOSIT SELF--	 / 	40236	 	10,000.00	9,67,223.10
15 Aug 2020	15 Aug 2020	   TO TRANSFER-INB Payment towards Invoice/Bill--	CTK3866329               TRANSFER TO 31054735034                           Mr. NOUSHAD  ABDUL SAL / 	99922	14,500.00	 	9,52,723.10
15 Aug 2020	15 Aug 2020	   TO TRANSFER-INB NEFT UTR NO: SBIN320228273997--D S Associates	NEFT INB: CNABCJTXZ7                              TRANSFER TO 3197944044306 / D S Associates	99922	19,927.00	 	9,32,796.10
15 Aug 2020	15 Aug 2020	   TO TRANSFER-INB NEFT UTR NO: SBIN320228274235--Ashok Enterprises	NEFT INB: CNABCJTYS3                              TRANSFER TO 3197944044306 / Ashok Enterprises	99922	11,000.00	 	9,21,796.10
15 Aug 2020	15 Aug 2020	   TO TRANSFER-INB NEFT UTR NO: SBIN320228274425--K M ASSOCIATES	NEFT INB: CNABCJTZC5                              TRANSFER TO 3197944044306 / K M ASSOCIATES	99922	9,291.00	 	9,12,505.10
15 Aug 2020	15 Aug 2020	   TO TRANSFER-INB NEFT UTR NO: SBIN320228274716--SHYAMS ENTERPRISES	NEFT INB: CNABCJTZG3                              TRANSFER TO 3197944044306 / SHYAMS ENTERPRISES	99922	6,839.00	 	9,05,666.10
15 Aug 2020	15 Aug 2020	   BULK POSTING-CR_TAMILNADU SANITARY STO             05549442  14--	 / 	16899	 	1,065.72	9,06,731.82
15 Aug 2020	15 Aug 2020	   BULK POSTING-CR_TAMILNADU SANITARY STO             05548442  14--	 / 	16899	 	6,714.68	9,13,446.50
15 Aug 2020	15 Aug 2020	   TO TRANSFER-INB Payment towards Invoice/Bill--	CTK3884807               TRANSFER TO 31547097771                           KHUZEMA MAMUWALA & CO / 	99922	9,725.00	 	9,03,721.50
15 Aug 2020	15 Aug 2020	   TO TRANSFER-INB NEFT UTR NO: SBIN320228330646--Sri Ganapathy Enterprises	NEFT INB: CNABCJXKM6                              TRANSFER TO 3197944044306 / Sri Ganapathy Enterprises	99922	6,024.00	 	8,97,697.50
15 Aug 2020	15 Aug 2020	   TO TRANSFER-INB NEFT UTR NO: SBIN320228330155--NOBEL TILES WORLD	NEFT INB: CNABCJXKO7                              TRANSFER TO 3197944044306 / NOBEL TILES WORLD	99922	8,225.00	 	8,89,472.50
15 Aug 2020	15 Aug 2020	   TO TRANSFER-INB NEFT UTR NO: SBIN320228330876--CLASSIC CERAMICS	NEFT INB: CNABCJXKQ6                              TRANSFER TO 3197944044306 / CLASSIC CERAMICS	99922	19,400.00	 	8,70,072.50
16 Aug 2020	16 Aug 2020	   BULK POSTING-CR_TAMILNADU SANITARY STO             05548442  15--	 / 	16899	 	2,762.36	8,72,834.86
16 Aug 2020	16 Aug 2020	   BULK POSTING-CR_TAMILNADU SANITARY STO             05549442  15--	 / 	16899	 	1,593.60	8,74,428.46
17 Aug 2020	17 Aug 2020	   CASH DEPOSIT-CASH DEPOSIT SELF--	 / 	40236	 	14,000.00	8,88,428.46
17 Aug 2020	17 Aug 2020	   CASH DEPOSIT-CASH DEPOSIT SELF--	 / 	40236	 	7,000.00	8,95,428.46
18 Aug 2020	18 Aug 2020	   TO TRANSFER-INB--	20083300197447CKN5708066               TRANSFER TO 36959637793                           POOLING ACCOUNT GST-MM / 	99922	14,899.00	 	8,80,529.46
18 Aug 2020	18 Aug 2020	   BULK POSTING-CR_TAMILNADU SANITARY STO             05548442  17--	 / 	16899	 	13,743.04	8,94,272.50
18 Aug 2020	18 Aug 2020	BY CLEARING / CHEQUE-CBI   BY CLEARING CHQ 129293 MICR 600016030--129293	 / 129293	10395	 	18,774.00	9,13,046.50
19 Aug 2020	19 Aug 2020	   TO TRANSFER-INB NEFT UTR NO: SBIN520232053470--Andavar Marketing PVT LTD	NEFT INB: CNABCMETW1                              TRANSFER TO 3197944044306 / Andavar Marketing PVT LTD	99922	13,075.00	 	8,99,971.50
19 Aug 2020	19 Aug 2020	   CASH DEPOSIT-CASH DEPOSIT SELF--	 / 	40236	 	15,500.00	9,15,471.50
20 Aug 2020	20 Aug 2020	   TO TRANSFER-INB--	109938406384CHE2285499               TRANSFER TO 4599230162092 / 	99922	1,427.00	 	9,14,044.50
20 Aug 2020	20 Aug 2020	   TO TRANSFER-INB--	109938407544CHE2285506               TRANSFER TO 4599232162091 / 	99922	1,297.00	 	9,12,747.50
20 Aug 2020	20 Aug 2020	   BULK POSTING-CR_TAMILNADU SANITARY STO             05549442  19--	 / 	16899	 	7,937.35	9,20,684.85
20 Aug 2020	20 Aug 2020	   CASH DEPOSIT-CASH DEPOSIT SELF--	 / 	40236	 	15,000.00	9,35,684.85
20 Aug 2020	20 Aug 2020	   TO TRANSFER-INB NEFT UTR NO: SBIN120233076078--Paandurangaa Binding pRINTING	NEFT INB: CNABCNLSZ4                              TRANSFER TO 3197944044306 / Paandurangaa Binding pRINTING	99922	4,900.00	 	9,30,784.85
21 Aug 2020	21 Aug 2020	TO CLEARING-HDF   Bennett Coleman Co L Chen--116682	 / 116682	10395	599.00	 	9,30,185.85
21 Aug 2020	21 Aug 2020	   BULK POSTING-CR_TAMILNADU SANITARY STO             05549442  20--	 / 	16899	 	840.00	9,31,025.85
21 Aug 2020	21 Aug 2020	   TO TRANSFER-INB--	305001405CHE2442379               TRANSFER TO 30552730897                           TANGEDCO / 	99922	3,760.00	 	9,27,265.85
21 Aug 2020	21 Aug 2020	   TO TRANSFER-INB--	305001620CHE2442412               TRANSFER TO 30552730897                           TANGEDCO / 	99922	1,386.00	 	9,25,879.85
21 Aug 2020	21 Aug 2020	   TO TRANSFER-INB NEFT UTR NO: SBIN120234971371--TRISHLA AGENCIES	NEFT INB: CNABCOIMO1                              TRANSFER TO 3197944044306 / TRISHLA AGENCIES	99922	3,209.00	 	9,22,670.85
21 Aug 2020	21 Aug 2020	   TO TRANSFER-INB NEFT UTR NO: SBIN120234973612--NOBEL TILES WORLD	NEFT INB: CNABCOIMY4                              TRANSFER TO 3197944044306 / NOBEL TILES WORLD	99922	15,000.00	 	9,07,670.85
21 Aug 2020	21 Aug 2020	   CASH DEPOSIT-CASH DEPOSIT SELF--	 / 	40236	 	6,500.00	9,14,170.85
22 Aug 2020	22 Aug 2020	   TO TRANSFER-INB Commission of CHE2442412---	CHE2442412CX75596750               TRANSFER TO 3197691073477 / 	99922	11.80	 	9,14,159.05
22 Aug 2020	22 Aug 2020	   TO TRANSFER-INB Commission of CHE2442379---	CHE2442379CX75597224               TRANSFER TO 3197691073477 / 	99922	11.80	 	9,14,147.25
22 Aug 2020	22 Aug 2020	   BULK POSTING-CR_TAMILNADU SANITARY STO             05549442  21--	 / 	16899	 	577.68	9,14,724.93
22 Aug 2020	22 Aug 2020	   TO TRANSFER-INB NEFT UTR NO: SBIN220235501951--D S Associates	NEFT INB: CNABCOZXC1                              TRANSFER TO 3197944044306 / D S Associates	99922	14,081.00	 	9,00,643.93
22 Aug 2020	22 Aug 2020	   TO TRANSFER-INB NEFT UTR NO: SBIN220235505106--Oriental Trading Co	NEFT INB: CNABCPACF3                              TRANSFER TO 3197944044306 / Oriental Trading Co	99922	8,262.00	 	8,92,381.93
22 Aug 2020	22 Aug 2020	   TO TRANSFER-INB NEFT UTR NO: SBIN220235505280--K M ASSOCIATES	NEFT INB: CNABCPADF9                              TRANSFER TO 3197944044306 / K M ASSOCIATES	99922	10,935.00	 	8,81,446.93
22 Aug 2020	22 Aug 2020	   TO TRANSFER-INB NEFT UTR NO: SBIN220235507072--LEGEND	NEFT INB: CNABCPAHR9                              TRANSFER TO 3197944044306 / LEGEND	99922	2,756.00	 	8,78,690.93
22 Aug 2020	22 Aug 2020	   TO TRANSFER-INB NEFT UTR NO: SBIN220235507575--SHYAMS ENTERPRISES	NEFT INB: CNABCPAHW7                              TRANSFER TO 3197944044306 / SHYAMS ENTERPRISES	99922	4,000.00	 	8,74,690.93
22 Aug 2020	22 Aug 2020	   TO TRANSFER-INB NEFT UTR NO: SBIN220235508081--Sri Kesava Traders	NEFT INB: CNABCPAIA8                              TRANSFER TO 3197944044306 / Sri Kesava Traders	99922	4,960.00	 	8,69,730.93
22 Aug 2020	22 Aug 2020	   TO TRANSFER-INB NEFT UTR NO: SBIN220235509598--GUPTA SALES CORPORATION	NEFT INB: CNABCPALE4                              TRANSFER TO 3197944044306 / GUPTA SALES CORPORATION	99922	496.00	 	8,69,234.93
23 Aug 2020	23 Aug 2020	   BULK POSTING-CR_TAMILNADU SANITARY STO             05548442  22--	 / 	16899	 	4,483.06	8,73,717.99
23 Aug 2020	23 Aug 2020	   BULK POSTING-CR_TAMILNADU SANITARY STO             05549442  22--	 / 	16899	 	4,494.64	8,78,212.63
24 Aug 2020	24 Aug 2020	   CASH DEPOSIT-CASH DEPOSIT SELF--	 / 	40236	 	13,000.00	8,91,212.63
25 Aug 2020	25 Aug 2020	TO CLEARING-RTN   DAWOODIBOHRAJAMAATTRUSTCH--745533	 / 745533	10395	20,000.00	 	8,71,212.63
25 Aug 2020	25 Aug 2020	BY CLEARING / CHEQUE-HDF   BY CLEARING CHQ 080572 MICR 517240002--80572	 / 80572	10395	 	12,065.00	8,83,277.63
25 Aug 2020	25 Aug 2020	   CASH DEPOSIT-CASH DEPOSIT SELF--	 / 	40236	 	25,000.00	9,08,277.63
26 Aug 2020	26 Aug 2020	TO CLEARING-IOB   NEW ROYAL ELECTRICALS--116681	 / 116681	10395	1,049.00	 	9,07,228.63
26 Aug 2020	26 Aug 2020	   BULK POSTING-CR_TAMILNADU SANITARY STO             05549442  25--	 / 	16899	 	214.14	9,07,442.77
27 Aug 2020	27 Aug 2020	   TO TRANSFER-INB NEFT UTR NO: SBIN520240677433--Dawoodi Bohra Jamaat Trust chennai	NEFT INB: CNABCSUKT8                              TRANSFER TO 3197944044306 / Dawoodi Bohra Jamaat Trust chennai	99922	10,000.00	 	8,97,442.77
28 Aug 2020	28 Aug 2020	   BULK POSTING-CR_TAMILNADU SANITARY STO             05548442  27--	 / 	16899	 	4,115.43	9,01,558.20
29 Aug 2020	29 Aug 2020	   TO TRANSFER-INB NEFT UTR NO: SBIN120242732721--Andavar Marketing PVT LTD	NEFT INB: CNABCUAWN6                              TRANSFER TO 3197944044306 / Andavar Marketing PVT LTD	99922	22,808.00	 	8,78,750.20
29 Aug 2020	29 Aug 2020	   TO TRANSFER-INB NEFT UTR NO: SBIN120242732835--AJANTHA BATHROOM PRODUCTS AND PIPES	NEFT INB: CNABCUAXH6                              TRANSFER TO 3197944044306 / AJANTHA BATHROOM PRODUCTS AND PIPES	99922	19,156.00	 	8,59,594.20
29 Aug 2020	29 Aug 2020	   TO TRANSFER-INB NEFT UTR NO: SBIN120242734271--TRISHLA AGENCIES	NEFT INB: CNABCUAWY4                              TRANSFER TO 3197944044306 / TRISHLA AGENCIES	99922	3,863.00	 	8,55,731.20
29 Aug 2020	29 Aug 2020	   TO TRANSFER-INB NEFT UTR NO: SBIN120242735038--Nizam Sanitary Stores	NEFT INB: CNABCUAYS0                              TRANSFER TO 3197944044306 / Nizam Sanitary Stores	99922	2,800.00	 	8,52,931.20
29 Aug 2020	29 Aug 2020	   TO TRANSFER-INB Payment towards Invoice/Bill--	CTK5254661               TRANSFER TO 57002369188                           NELLAI CERAMIC CENTRE / 	99922	13,312.00	 	8,39,619.20
29 Aug 2020	29 Aug 2020	   TO TRANSFER-INB NEFT UTR NO: SBIN120242734800--NOBEL TILES WORLD	NEFT INB: CNABCUBBJ0                              TRANSFER TO 3197944044306 / NOBEL TILES WORLD	99922	2,160.00	 	8,37,459.20
29 Aug 2020	29 Aug 2020	   CASH DEPOSIT-CASH DEPOSIT SELF--	 / 	40236	 	16,500.00	8,53,959.20
29 Aug 2020	29 Aug 2020	   TO TRANSFER-INB NEFT UTR NO: SBIN220242035624--Yamuna Trades	NEFT INB: CNABCUKSD3                              TRANSFER TO 3197944044306 / Yamuna Trades	99922	1,310.00	 	8,52,649.20
30 Aug 2020	30 Aug 2020	   BULK POSTING-CR_TAMILNADU SANITARY STO             05549442  29--	 / 	16899	 	17,978.56	8,70,627.76
31 Aug 2020	31 Aug 2020	   TO TRANSFER-INB NEFT UTR NO: SBIN320244378668--SUPER TRADING CORPORATION	NEFT INB: CNABCVQVF4                              TRANSFER TO 3197944044306 / SUPER TRADING CORPORATION	99922	10,724.00	 	8,59,903.76
31 Aug 2020	31 Aug 2020	   TO TRANSFER-INB NEFT UTR NO: SBIN320244380534--D S Associates	NEFT INB: CNABCVQWI1                              TRANSFER TO 3197944044306 / D S Associates	99922	16,432.00	 	8,43,471.76
31 Aug 2020	31 Aug 2020	   TO TRANSFER-INB NEFT UTR NO: SBIN320244383503--Shri Krishna Enterprises	NEFT INB: CNABCVQXW5                              TRANSFER TO 3197944044306 / Shri Krishna Enterprises	99922	6,068.00	 	8,37,403.76
31 Aug 2020	31 Aug 2020	   TO TRANSFER-INB NEFT UTR NO: SBIN320244384720--N Arumugakani nadar and Sons	NEFT INB: CNABCVQZQ9                              TRANSFER TO 3197944044306 / N Arumugakani nadar and Sons	99922	3,550.00	 	8,33,853.76
31 Aug 2020	31 Aug 2020	   TO TRANSFER-INB NEFT UTR NO: SBIN320244386265--MANGALAM SANITARY	NEFT INB: CNABCVRBS0                              TRANSFER TO 3197944044306 / MANGALAM SANITARY	99922	10,000.00	 	8,23,853.76
31 Aug 2020	31 Aug 2020	   TO TRANSFER-INB NEFT UTR NO: SBIN320244389457--K M ASSOCIATES	NEFT INB: CNABCVRDR7                              TRANSFER TO 3197944044306 / K M ASSOCIATES	99922	11,552.00	 	8,12,301.76

**This is a computer generated statement and does not require a signature