Account Name       :                	TAMILNADU SANITARY STORES						
Address            :	"NO 143,  KUTCHERY ROAD,  MYLAPORE  Chennai"						
                                    	CHENNAI						
                                    	TAMILNADU-600004						
                                    	India						
Date               :                	05-Feb-21						
Account Number     :	_00000030976446269						
Account Description:	CA-REGULAR-PUB-OTH-ALL-INR						
Branch             :	SANTHOME						
Drawing Power      :	0						
Interest Rate(% p.a.):	0						
MOD Balance      :	0						
CIF No.          :	_85676868920						
IFS Code         :	SBIN0040236						
MICR Code        :	_600002332						
Balance on 1 Jan 2021        :	"10,36,356.68"						
Start Date          :	01-Jan-21						
End Date            :	31-Jan-21						
Txn Date	Value Date	Description	Ref No./Cheque No.	Branch Code	        Debit	Credit	Balance
01-Jan-21	01-Jan-21	   BULK POSTING-CR_TAMILNADU SANITARY STO             05549442  31--	 / 	16899	 	650	"10,37,006.68"
01-Jan-21	01-Jan-21	BY CLEARING / CHEQUE-CBI   BY CLEARING CHQ 132347 MICR 600016030--132347	 / 132347	10395	 	"3,068.00"	"10,40,074.68"
01-Jan-21	01-Jan-21	BY CLEARING / CHEQUE-UBI   BY CLEARING CHQ 242194 MICR 600026009--242194	 / 242194	10395	 	"1,840.00"	"10,41,914.68"
02-Jan-21	02-Jan-21	   TO TRANSFER-INB NEFT UTR NO: SBIN121002389260--ARUNKUMAR MANOHARAN	NEFT INB: CNABHAHAU1                              TRANSFER TO 3197944044306 / ARUNKUMAR MANOHARAN	99922	"5,000.00"	 	"10,36,914.68"
02-Jan-21	02-Jan-21	   TO TRANSFER-INB NEFT UTR NO: SBIN121002389575--Mylapore Gardens Residents Associat	NEFT INB: CNABHAHBO0                              TRANSFER TO 3197944044306 / Mylapore Gardens Residents Associat	99922	"4,000.00"	 	"10,32,914.68"
02-Jan-21	02-Jan-21	   TO TRANSFER-INB NEFT UTR NO: SBIN121002389676--Shabbir Sanitary Stores	NEFT INB: CNABHAHBX7                              TRANSFER TO 3197944044306 / Shabbir Sanitary Stores	99922	"6,166.00"	 	"10,26,748.68"
02-Jan-21	02-Jan-21	   TO TRANSFER-INB NEFT UTR NO: SBIN121002390606--SHYAMS ENTERPRISES	NEFT INB: CNABHAHDM9                              TRANSFER TO 3197944044306 / SHYAMS ENTERPRISES	99922	"2,690.00"	 	"10,24,058.68"
02-Jan-21	02-Jan-21	   TO TRANSFER-INB NEFT UTR NO: SBIN121002390880--Sattar Sanitary Stores	NEFT INB: CNABHAHCW6                              TRANSFER TO 3197944044306 / Sattar Sanitary Stores	99922	"9,665.00"	 	"10,14,393.68"
02-Jan-21	02-Jan-21	   TO TRANSFER-INB NEFT UTR NO: SBIN121002391145--ABHIVAIRAVANS PLUMBING CO	NEFT INB: CNABHAHDU4                              TRANSFER TO 3197944044306 / ABHIVAIRAVANS PLUMBING CO	99922	"9,020.00"	 	"10,05,373.68"
02-Jan-21	02-Jan-21	   TO TRANSFER-INB NEFT UTR NO: SBIN121002391442--Sree Karthikeya Hardwares	NEFT INB: CNABHAHEE1                              TRANSFER TO 3197944044306 / Sree Karthikeya Hardwares	99922	"1,070.00"	 	"10,04,303.68"
02-Jan-21	02-Jan-21	   TO TRANSFER-INB NEFT UTR NO: SBIN121002391641--MANGALAM SANITARY	NEFT INB: CNABHAHEK4                              TRANSFER TO 3197944044306 / MANGALAM SANITARY	99922	"12,691.00"	 	"9,91,612.68"
02-Jan-21	02-Jan-21	   TO TRANSFER-INB NEFT UTR NO: SBIN121002392988--D S Associates	NEFT INB: CNABHAHFV5                              TRANSFER TO 3197944044306 / D S Associates	99922	"29,262.00"	 	"9,62,350.68"
02-Jan-21	02-Jan-21	   CSH DEP (CDM)-9092052786--	 / 	4292	 	"36,000.00"	"9,98,350.68"
03-Jan-21	03-Jan-21	   TO TRANSFER-INB Payment towards Invoice/Bill--	CTM0811494               TRANSFER TO 57002369188                           NELLAI CERAMIC CENTRE / 	99922	"6,181.00"	 	"9,92,169.68"
03-Jan-21	03-Jan-21	   TO TRANSFER-INB NEFT UTR NO: SBIN221003356916--AJANTHA BATHROOM PRODUCTS AND PIPES	NEFT INB: CNABHBFKV1                              TRANSFER TO 3197944044306 / AJANTHA BATHROOM PRODUCTS AND PIPES	99922	"3,526.00"	 	"9,88,643.68"
03-Jan-21	03-Jan-21	   TO TRANSFER-INB NEFT UTR NO: SBIN221003357108--Andavar Marketing PVT LTD	NEFT INB: CNABHBFNF6                              TRANSFER TO 3197944044306 / Andavar Marketing PVT LTD	99922	"22,914.00"	 	"9,65,729.68"
03-Jan-21	03-Jan-21	   TO TRANSFER-INB NEFT UTR NO: SBIN221003357366--Andavar Marketing PVT LTD	NEFT INB: CNABHBFNJ4                              TRANSFER TO 3197944044306 / Andavar Marketing PVT LTD	99922	"23,926.00"	 	"9,41,803.68"
03-Jan-21	03-Jan-21	   BULK POSTING-CR_TAMILNADU SANITARY STO             05549442  02--	 / 	16899	 	"29,632.40"	"9,71,436.08"
04-Jan-21	04-Jan-21	   CSH DEP (CDM)-9092052786--	 / 	4292	 	"21,000.00"	"9,92,436.08"
05-Jan-21	05-Jan-21	   BULK POSTING-CR_TAMILNADU SANITARY STO             05549442  04--	 / 	16899	 	"7,515.53"	"9,99,951.61"
05-Jan-21	05-Jan-21	   BULK POSTING-CR_TAMILNADU SANITARY STO             05548442  04--	 / 	16899	 	"4,834.71"	"10,04,786.32"
05-Jan-21	05-Jan-21	   CSH DEP (CDM)-9092052786--	 / 	4292	 	"37,000.00"	"10,41,786.32"
05-Jan-21	05-Jan-21	BY CLEARING / CHEQUE-HDF   BY CLEARING CHQ 002101 MICR 600240012--2101	 / 2101	10395	 	"11,425.00"	"10,53,211.32"
06-Jan-21	06-Jan-21	   BULK POSTING-CR_TAMILNADU SANITARY STO             05549442  05--	 / 	16899	 	"6,787.53"	"10,59,998.85"
06-Jan-21	06-Jan-21	   TO TRANSFER-INB Salary Payment--	CTM1253914               TRANSFER TO 32950808735                           Mr. KASI  R / 	99922	"17,000.00"	 	"10,42,998.85"
06-Jan-21	06-Jan-21	   TO TRANSFER-INB Payment towards Invoice/Bill--	CTM1254131               TRANSFER TO 31054735034                           Mr. NOUSHAD  ABDUL SAL / 	99922	"14,500.00"	 	"10,28,498.85"
07-Jan-21	07-Jan-21	   TO TRANSFER-INB NEFT UTR NO: SBIN521007818951--MANGALAM SANITARY	NEFT INB: CNABHFHKF7                              TRANSFER TO 3197944044306 / MANGALAM SANITARY	99922	"3,116.00"	 	"10,25,382.85"
07-Jan-21	07-Jan-21	   TO TRANSFER-INB NEFT UTR NO: SBIN521007820344--D S Associates	NEFT INB: CNABHFHLM7                              TRANSFER TO 3197944044306 / D S Associates	99922	"20,167.00"	 	"10,05,215.85"
07-Jan-21	07-Jan-21	   TO TRANSFER-INB NEFT UTR NO: SBIN521007822080--TRISHLA AGENCIES	NEFT INB: CNABHFHNS4                              TRANSFER TO 3197944044306 / TRISHLA AGENCIES	99922	"1,762.00"	 	"10,03,453.85"
07-Jan-21	07-Jan-21	   TO TRANSFER-INB NEFT UTR NO: SBIN521007823304--NOBEL TILES WORLD	NEFT INB: CNABHFHRO1                              TRANSFER TO 3197944044306 / NOBEL TILES WORLD	99922	"10,000.00"	 	"9,93,453.85"
07-Jan-21	07-Jan-21	   TO TRANSFER-INB NEFT UTR NO: SBIN521007824771--International Sales Corporation	NEFT INB: CNABHFHTP4                              TRANSFER TO 3197944044306 / International Sales Corporation	99922	"10,000.00"	 	"9,83,453.85"
07-Jan-21	07-Jan-21	   TO TRANSFER-INB NEFT UTR NO: SBIN521007825228--International Sales Corporation	NEFT INB: CNABHFHUB0                              TRANSFER TO 3197944044306 / International Sales Corporation	99922	"4,689.00"	 	"9,78,764.85"
07-Jan-21	07-Jan-21	   TO TRANSFER-INB NEFT UTR NO: SBIN521007825940--K M CERAMICS	NEFT INB: CNABHFHVY7                              TRANSFER TO 3197944044306 / K M CERAMICS	99922	"20,000.00"	 	"9,58,764.85"
07-Jan-21	07-Jan-21	   TO TRANSFER-INB NEFT UTR NO: SBIN521007827037--K M CERAMICS	NEFT INB: CNABHFHVP8                              TRANSFER TO 3197944044306 / K M CERAMICS	99922	"1,800.00"	 	"9,56,964.85"
07-Jan-21	07-Jan-21	   TO TRANSFER-INB NEFT UTR NO: SBIN521007828232--Shri Krishna Enterprises	NEFT INB: CNABHFHXP9                              TRANSFER TO 3197944044306 / Shri Krishna Enterprises	99922	"6,721.00"	 	"9,50,243.85"
07-Jan-21	07-Jan-21	   TO TRANSFER-INB NEFT UTR NO: SBIN521007829250--Madhup Distributors	NEFT INB: CNABHFHXH1                              TRANSFER TO 3197944044306 / Madhup Distributors	99922	"8,827.00"	 	"9,41,416.85"
07-Jan-21	07-Jan-21	   TO TRANSFER-INB NEFT UTR NO: SBIN521007830645--GUPTA SALES CORPORATION	NEFT INB: CNABHFIAC2                              TRANSFER TO 3197944044306 / GUPTA SALES CORPORATION	99922	684	 	"9,40,732.85"
07-Jan-21	07-Jan-21	   TO TRANSFER-INB NEFT UTR NO: SBIN521007871739--SHYAMS ENTERPRISES	NEFT INB: CNABHFJAX2                              TRANSFER TO 3197944044306 / SHYAMS ENTERPRISES	99922	"4,088.00"	 	"9,36,644.85"
07-Jan-21	07-Jan-21	   TO TRANSFER-INB NEFT UTR NO: SBIN521007874231--SRI SENI Enterprises	NEFT INB: CNABHFJCZ0                              TRANSFER TO 3197944044306 / SRI SENI Enterprises	99922	"15,418.00"	 	"9,21,226.85"
07-Jan-21	07-Jan-21	   TO TRANSFER-INB NEFT UTR NO: SBIN521007902821--Andavar Marketing PVT LTD	NEFT INB: CNABHFJYV3                              TRANSFER TO 3197944044306 / Andavar Marketing PVT LTD	99922	"24,272.00"	 	"8,96,954.85"
07-Jan-21	07-Jan-21	   BULK POSTING-CR_TAMILNADU SANITARY STO             05548442  06--	 / 	16899	 	372.02	"8,97,326.87"
07-Jan-21	07-Jan-21	   BULK POSTING-CR_TAMILNADU SANITARY STO             05549442  06--	 / 	16899	 	"14,466.03"	"9,11,792.90"
08-Jan-21	08-Jan-21	   CSH DEP (CDM)-9092052786--	 / 	4292	 	"32,000.00"	"9,43,792.90"
08-Jan-21	08-Jan-21	   BULK POSTING-CR_TAMILNADU SANITARY STO             05548442  07--	 / 	16899	 	"2,240.28"	"9,46,033.18"
08-Jan-21	08-Jan-21	   BULK POSTING-CR_TAMILNADU SANITARY STO             05549442  07--	 / 	16899	 	"11,500.72"	"9,57,533.90"
09-Jan-21	09-Jan-21	   BULK POSTING-CR_TAMILNADU SANITARY STO             05548442  08--	 / 	16899	 	"12,272.28"	"9,69,806.18"
09-Jan-21	09-Jan-21	   BULK POSTING-CR_TAMILNADU SANITARY STO             05549442  08--	 / 	16899	 	"7,216.72"	"9,77,022.90"
10-Jan-21	10-Jan-21	   TO TRANSFER-INB NEFT UTR NO: SBIN321010687677--BHARATH Enterprises	NEFT INB: CNABHIPKG0                              TRANSFER TO 3197944044306 / BHARATH Enterprises	99922	"8,000.00"	 	"9,69,022.90"
10-Jan-21	10-Jan-21	   TO TRANSFER-INB NEFT UTR NO: SBIN321010688231--D S Associates	NEFT INB: CNABHIPMF1                              TRANSFER TO 3197944044306 / D S Associates	99922	"36,820.00"	 	"9,32,202.90"
10-Jan-21	10-Jan-21	   TO TRANSFER-INB NEFT UTR NO: SBIN321010688344--Andavar Marketing PVT LTD	NEFT INB: CNABHIPMG5                              TRANSFER TO 3197944044306 / Andavar Marketing PVT LTD	99922	"25,056.00"	 	"9,07,146.90"
10-Jan-21	10-Jan-21	   TO TRANSFER-INB Payment towards Invoice/Bill--	CTM1890693               TRANSFER TO 57002369188                           NELLAI CERAMIC CENTRE / 	99922	"19,895.00"	 	"8,87,251.90"
10-Jan-21	10-Jan-21	   BULK POSTING-CR_TAMILNADU SANITARY STO             05549442  09--	 / 	16899	 	"11,497.97"	"8,98,749.87"
11-Jan-21	11-Jan-21	   CSH DEP (CDM)-9092052786--	 / 	4292	 	"31,500.00"	"9,30,249.87"
11-Jan-21	11-Jan-21	   CSH DEP (CDM)-9092052786--	 / 	4292	 	"24,500.00"	"9,54,749.87"
11-Jan-21	11-Jan-21	CHEQUE WDL-CHEQUE TRANSFER TO--116704	TRANSFER FROM 32818937606                         GOLDEN HARDWARE CENTRE / 116704	40236	"6,182.00"	 	"9,48,567.87"
12-Jan-21	12-Jan-21	   TO TRANSFER-INB Payment towards Invoice/Bill--	CTM2169498               TRANSFER TO 31547097771                           KHUZEMA MAMUWALA & CO / 	99922	"5,409.00"	 	"9,43,158.87"
12-Jan-21	12-Jan-21	   TO TRANSFER-INB NEFT UTR NO: SBIN521012190707--AJANTHA BATHROOM PRODUCTS AND PIPES	NEFT INB: CNABHKNZX3                              TRANSFER TO 3197944044306 / AJANTHA BATHROOM PRODUCTS AND PIPES	99922	"16,500.00"	 	"9,26,658.87"
12-Jan-21	12-Jan-21	   TO TRANSFER-INB NEFT UTR NO: SBIN521012193245--NOBEL TILES WORLD	NEFT INB: CNABHKODH2                              TRANSFER TO 3197944044306 / NOBEL TILES WORLD	99922	"4,260.00"	 	"9,22,398.87"
12-Jan-21	12-Jan-21	   TO TRANSFER-INB NEFT UTR NO: SBIN521012195432--ABHIVAIRAVANS PLUMBING CO	NEFT INB: CNABHKOGF9                              TRANSFER TO 3197944044306 / ABHIVAIRAVANS PLUMBING CO	99922	"9,296.00"	 	"9,13,102.87"
12-Jan-21	12-Jan-21	   BULK POSTING-CR_TAMILNADU SANITARY STO             05549442  11--	 / 	16899	 	"4,665.00"	"9,17,767.87"
12-Jan-21	12-Jan-21	BY CLEARING / CHEQUE-ICI   BY CLEARING CHQ 052234 MICR 600229017--52234	 / 52234	10395	 	"1,380.00"	"9,19,147.87"
12-Jan-21	12-Jan-21	   TO TRANSFER-INB ICICI_CC Payments--	VSBI9650462522CHF4721994               TRANSFER TO 3199589162098 / 	99922	"1,200.00"	 	"9,17,947.87"
12-Jan-21	12-Jan-21	   BY TRANSFER-NEFT*IOBA0001046*IOBAN21012690933*CHEMPLAST SANMAR--	TRANSFER FROM 3199969044303 / 	4430	 	"1,700.00"	"9,19,647.87"
13-Jan-21	13-Jan-21	   CSH DEP (CDM)-9092052786--	 / 	4292	 	"18,000.00"	"9,37,647.87"
13-Jan-21	13-Jan-21	BY CLEARING / CHEQUE-BOB   BY CLEARING CHQ 000329 MICR 600012021--329	 / 329	10395	 	"32,745.00"	"9,70,392.87"
14-Jan-21	14-Jan-21	   BULK POSTING-CR_TAMILNADU SANITARY STO             05549442  13--	 / 	16899	 	"3,670.00"	"9,74,062.87"
14-Jan-21	14-Jan-21	BY CLEARING / CHEQUE-AXS   BY CLEARING CHQ 462183 MICR 600211023--462183	 / 462183	10395	 	"18,650.00"	"9,92,712.87"
15-Jan-21	15-Jan-21	   CSH DEP (CDM)-9092052786--	 / 	4292	 	"20,000.00"	"10,12,712.87"
15-Jan-21	15-Jan-21	   BULK POSTING-CR_TAMILNADU SANITARY STO             05549442  14--	 / 	16899	 	640	"10,13,352.87"
15-Jan-21	15-Jan-21	   TO TRANSFER-INB NEFT UTR NO: SBIN321015149922--NOBEL TILES WORLD	NEFT INB: CNABHOBIK0                              TRANSFER TO 3197944044306 / NOBEL TILES WORLD	99922	"15,000.00"	 	"9,98,352.87"
15-Jan-21	15-Jan-21	   TO TRANSFER-INB NEFT UTR NO: SBIN321015154663--SRI SENI Enterprises	NEFT INB: CNABHOBMJ7                              TRANSFER TO 3197944044306 / SRI SENI Enterprises	99922	"3,487.00"	 	"9,94,865.87"
15-Jan-21	15-Jan-21	   TO TRANSFER-INB NEFT UTR NO: SBIN321015157488--Sattar Sanitary Stores	NEFT INB: CNABHOBNZ7                              TRANSFER TO 3197944044306 / Sattar Sanitary Stores	99922	"6,925.00"	 	"9,87,940.87"
15-Jan-21	15-Jan-21	   TO TRANSFER-INB NEFT UTR NO: SBIN321015159906--SHYAMS ENTERPRISES	NEFT INB: CNABHOBSO8                              TRANSFER TO 3197944044306 / SHYAMS ENTERPRISES	99922	"6,000.00"	 	"9,81,940.87"
15-Jan-21	15-Jan-21	   TO TRANSFER-INB NEFT UTR NO: SBIN321015165779--D S Associates	NEFT INB: CNABHOBTK9                              TRANSFER TO 3197944044306 / D S Associates	99922	"16,518.00"	 	"9,65,422.87"
15-Jan-21	15-Jan-21	   TO TRANSFER-INB NEFT UTR NO: SBIN321015169057--AJANTHA BATHROOM PRODUCTS AND PIPES	NEFT INB: CNABHOBVL6                              TRANSFER TO 3197944044306 / AJANTHA BATHROOM PRODUCTS AND PIPES	99922	"10,000.00"	 	"9,55,422.87"
16-Jan-21	16-Jan-21	   BULK POSTING-CR_TAMILNADU SANITARY STO             05549442  15--	 / 	16899	 	"3,440.00"	"9,58,862.87"
17-Jan-21	17-Jan-21	   BULK POSTING-CR_TAMILNADU SANITARY STO             05549442  16--	 / 	16899	 	"39,505.71"	"9,98,368.58"
18-Jan-21	18-Jan-21	   BY TRANSFER-NEFT*CITI0000003*CITIN21108787307*ASE STRUCTURE DE--	TRANSFER FROM 3199413044306 / 	4430	 	"26,600.00"	"10,24,968.58"
18-Jan-21	18-Jan-21	   CSH DEP (CDM)-9092052786--	 / 	4292	 	"19,500.00"	"10,44,468.58"
18-Jan-21	18-Jan-21	   TO TRANSFER-INB NEFT UTR NO: SBIN421018565549--Andavar Marketing PVT LTD	NEFT INB: CNABHPZUV3                              TRANSFER TO 3197944044306 / Andavar Marketing PVT LTD	99922	"19,079.00"	 	"10,25,389.58"
18-Jan-21	18-Jan-21	   TO TRANSFER-INB NEFT UTR NO: SBIN421018565795--Andavar Marketing PVT LTD	NEFT INB: CNABHPZVN7                              TRANSFER TO 3197944044306 / Andavar Marketing PVT LTD	99922	"8,600.00"	 	"10,16,789.58"
18-Jan-21	18-Jan-21	   TO TRANSFER-INB NEFT UTR NO: SBIN421018571061--AJANTHA BATHROOM PRODUCTS AND PIPES	NEFT INB: CNABHPZWE4                              TRANSFER TO 3197944044306 / AJANTHA BATHROOM PRODUCTS AND PIPES	99922	"19,668.00"	 	"9,97,121.58"
18-Jan-21	18-Jan-21	   TO TRANSFER-INB NEFT UTR NO: SBIN421018572363--TRISHLA AGENCIES	NEFT INB: CNABHPZYY2                              TRANSFER TO 3197944044306 / TRISHLA AGENCIES	99922	"2,540.00"	 	"9,94,581.58"
19-Jan-21	19-Jan-21	TO CLEARING-HDF   HARDWARECORNER--116702	 / 116702	10395	"11,050.00"	 	"9,83,531.58"
19-Jan-21	19-Jan-21	   BULK POSTING-CR_TAMILNADU SANITARY STO             05549442  18--	 / 	16899	 	"2,886.65"	"9,86,418.23"
19-Jan-21	19-Jan-21	   BULK POSTING-CR_TAMILNADU SANITARY STO             05548442  18--	 / 	16899	 	"4,493.89"	"9,90,912.12"
19-Jan-21	19-Jan-21	   TO TRANSFER-INB--	21013300252811CKP1852882               TRANSFER TO 36959637114                           POOLING ACCOUNT GST-MM / 	99922	"14,868.00"	 	"9,76,044.12"
19-Jan-21	19-Jan-21	   CASH DEPOSIT-CASH DEPOSIT SELF--	 / 	40236	 	"10,000.00"	"9,86,044.12"
19-Jan-21	19-Jan-21	   TO TRANSFER-INB NEFT UTR NO: SBIN521019425969--NOBEL TILES WORLD	NEFT INB: CNABHRBNJ1                              TRANSFER TO 3197944044306 / NOBEL TILES WORLD	99922	"3,900.00"	 	"9,82,144.12"
19-Jan-21	19-Jan-21	   TO TRANSFER-INB NEFT UTR NO: SBIN521019427382--National Ceramic Centre	NEFT INB: CNABHRBPA7                              TRANSFER TO 3197944044306 / National Ceramic Centre	99922	"25,000.00"	 	"9,57,144.12"
19-Jan-21	19-Jan-21	   TO TRANSFER-INB NEFT UTR NO: SBIN521019427928--SRI SENI Enterprises	NEFT INB: CNABHRBRK1                              TRANSFER TO 3197944044306 / SRI SENI Enterprises	99922	"13,066.00"	 	"9,44,078.12"
19-Jan-21	19-Jan-21	   TO TRANSFER-INB NEFT UTR NO: SBIN521019431589--D S Associates	NEFT INB: CNABHRBRX8                              TRANSFER TO 3197944044306 / D S Associates	99922	"19,895.00"	 	"9,24,183.12"
19-Jan-21	19-Jan-21	   TO TRANSFER-INB NEFT UTR NO: SBIN521019435697--Sattar Sanitary Stores	NEFT INB: CNABHRBUN3                              TRANSFER TO 3197944044306 / Sattar Sanitary Stores	99922	"15,853.00"	 	"9,08,330.12"
19-Jan-21	19-Jan-21	   TO TRANSFER-INB--	110064612084CHF5454185               TRANSFER TO 4599226162099 / 	99922	"1,502.00"	 	"9,06,828.12"
19-Jan-21	19-Jan-21	   TO TRANSFER-INB--	110064615056CHF5454710               TRANSFER TO 4599226162099 / 	99922	"1,296.82"	 	"9,05,531.30"
20-Jan-21	20-Jan-21	CHEQUE WDL- TO GOLDEN HARDWARE CENTRE--116706	TRANSFER FROM 32818937606                         GOLDEN HARDWARE CENTRE / 116706	40236	"2,491.00"	 	"9,03,040.30"
20-Jan-21	20-Jan-21	   BULK POSTING-CR_TAMILNADU SANITARY STO             05548442  19--	 / 	16899	 	"15,970.09"	"9,19,010.39"
20-Jan-21	20-Jan-21	   BULK POSTING-CR_TAMILNADU SANITARY STO             05549442  19--	 / 	16899	 	176.22	"9,19,186.61"
20-Jan-21	20-Jan-21	BY CLEARING / CHEQUE-KOT   BY CLEARING CHQ 000607 MICR 600485017--607	 / 607	10395	 	"5,120.00"	"9,24,306.61"
21-Jan-21	21-Jan-21	   CASH DEPOSIT-CASH DEPOSIT SELF--	 / 	40236	 	"16,000.00"	"9,40,306.61"
21-Jan-21	21-Jan-21	   BULK POSTING-CR_TAMILNADU SANITARY STO             05548442  20--	 / 	16899	 	"5,936.28"	"9,46,242.89"
22-Jan-21	22-Jan-21	   CSH DEP (CDM)-9092052786--	 / 	4292	 	"30,700.00"	"9,76,942.89"
22-Jan-21	22-Jan-21	   BULK POSTING-CR_TAMILNADU SANITARY STO             05549442  21--	 / 	16899	 	"3,858.58"	"9,80,801.47"
22-Jan-21	22-Jan-21	   TO TRANSFER-INB--	2NZgfGUl9EzY2ZzP7YCHF5814047               TRANSFER TO 32794375003                           EMVANTAGE PAYMENTS PRI / 	99922	999	 	"9,79,802.47"
23-Jan-21	23-Jan-21	   TO TRANSFER-INB Payment towards Invoice/Bill--	CTM3662483               TRANSFER TO 57002369188                           NELLAI CERAMIC CENTRE / 	99922	"2,351.00"	 	"9,77,451.47"
23-Jan-21	23-Jan-21	   TO TRANSFER-INB NEFT UTR NO: SBIN321023398677--AJANTHA BATHROOM PRODUCTS AND PIPES	NEFT INB: CNABHURES2                              TRANSFER TO 3197944044306 / AJANTHA BATHROOM PRODUCTS AND PIPES	99922	"9,771.00"	 	"9,67,680.47"
23-Jan-21	23-Jan-21	   TO TRANSFER-INB NEFT UTR NO: SBIN321023398829--NOBEL TILES WORLD	NEFT INB: CNABHUREV6                              TRANSFER TO 3197944044306 / NOBEL TILES WORLD	99922	"12,450.00"	 	"9,55,230.47"
23-Jan-21	23-Jan-21	   TO TRANSFER-INB NEFT UTR NO: SBIN321023398968--NOBEL TILES WORLD	NEFT INB: CNABHURGN0                              TRANSFER TO 3197944044306 / NOBEL TILES WORLD	99922	"1,200.00"	 	"9,54,030.47"
23-Jan-21	23-Jan-21	   TO TRANSFER-INB NEFT UTR NO: SBIN321023400055--Andavar Marketing PVT LTD	NEFT INB: CNABHURGC7                              TRANSFER TO 3197944044306 / Andavar Marketing PVT LTD	99922	"32,057.00"	 	"9,21,973.47"
23-Jan-21	23-Jan-21	   TO TRANSFER-INB NEFT UTR NO: SBIN321023400896--FRIENDLY SERVICES	NEFT INB: CNABHURGG8                              TRANSFER TO 3197944044306 / FRIENDLY SERVICES	99922	587	 	"9,21,386.47"
23-Jan-21	23-Jan-21	   TO TRANSFER-INB NEFT UTR NO: SBIN321023401999--Sree Karthikeya Hardwares	NEFT INB: CNABHURGK4                              TRANSFER TO 3197944044306 / Sree Karthikeya Hardwares	99922	"2,140.00"	 	"9,19,246.47"
23-Jan-21	23-Jan-21	   TO TRANSFER-INB NEFT UTR NO: SBIN321023403602--K M CERAMICS	NEFT INB: CNABHURIB6                              TRANSFER TO 3197944044306 / K M CERAMICS	99922	"18,050.00"	 	"9,01,196.47"
23-Jan-21	23-Jan-21	   TO TRANSFER-INB NEFT UTR NO: SBIN321023405059--Shabbir Sanitary Stores	NEFT INB: CNABHURIH5                              TRANSFER TO 3197944044306 / Shabbir Sanitary Stores	99922	"4,484.00"	 	"8,96,712.47"
23-Jan-21	23-Jan-21	   TO TRANSFER-INB NEFT UTR NO: SBIN321023405835--Annam Enterprises	NEFT INB: CNABHURIL1                              TRANSFER TO 3197944044306 / Annam Enterprises	99922	"7,500.00"	 	"8,89,212.47"
23-Jan-21	23-Jan-21	   TO TRANSFER-INB NEFT UTR NO: SBIN321023406209--MANGALAM SANITARY	NEFT INB: CNABHURIO1                              TRANSFER TO 3197944044306 / MANGALAM SANITARY	99922	"12,000.00"	 	"8,77,212.47"
23-Jan-21	23-Jan-21	   TO TRANSFER-INB NEFT UTR NO: SBIN321023405444--D S Associates	NEFT INB: CNABHURIR3                              TRANSFER TO 3197944044306 / D S Associates	99922	"21,428.00"	 	"8,55,784.47"
23-Jan-21	23-Jan-21	   TO TRANSFER-INB NEFT UTR NO: SBIN321023406625--SHYAMS ENTERPRISES	NEFT INB: CNABHURKK7                              TRANSFER TO 3197944044306 / SHYAMS ENTERPRISES	99922	"5,799.00"	 	"8,49,985.47"
23-Jan-21	23-Jan-21	   TO TRANSFER-INB NEFT UTR NO: SBIN321023406892--SRI SENI Enterprises	NEFT INB: CNABHURKP0                              TRANSFER TO 3197944044306 / SRI SENI Enterprises	99922	"12,443.00"	 	"8,37,542.47"
23-Jan-21	23-Jan-21	   TO TRANSFER-INB NEFT UTR NO: SBIN321023407572--Sattar Sanitary Stores	NEFT INB: CNABHURKB9                              TRANSFER TO 3197944044306 / Sattar Sanitary Stores	99922	"4,801.00"	 	"8,32,741.47"
23-Jan-21	23-Jan-21	   BULK POSTING-CR_TAMILNADU SANITARY STO             05549442  22--	 / 	16899	 	"6,977.24"	"8,39,718.71"
24-Jan-21	24-Jan-21	   BULK POSTING-CR_TAMILNADU SANITARY STO             05549442  23--	 / 	16899	 	"12,953.00"	"8,52,671.71"
24-Jan-21	24-Jan-21	   BULK POSTING-CR_TAMILNADU SANITARY STO             05548442  23--	 / 	16899	 	896.4	"8,53,568.11"
25-Jan-21	25-Jan-21	   CSH DEP (CDM)-9092052786--	 / 	4292	 	"47,500.00"	"9,01,068.11"
25-Jan-21	25-Jan-21	   BULK POSTING-CR_TAMILNADU SANITARY STO             05549442  24--	 / 	16899	 	"5,250.00"	"9,06,318.11"
25-Jan-21	25-Jan-21	CHEQUE WDL- TO GOLDEN HARDWARE CENTRE--116707	TRANSFER FROM 32818937606                         GOLDEN HARDWARE CENTRE / 116707	40236	"2,042.00"	 	"9,04,276.11"
26-Jan-21	26-Jan-21	   TO TRANSFER-INB NEFT UTR NO: SBIN421026761503--SHRI Venkateswar Agency	NEFT INB: CNABHWQSI5                              TRANSFER TO 3197944044306 / SHRI Venkateswar Agency	99922	"6,957.00"	 	"8,97,319.11"
26-Jan-21	26-Jan-21	   TO TRANSFER-INB NEFT UTR NO: SBIN421026760878--Andavar Marketing PVT LTD	NEFT INB: CNABHWQRZ8                              TRANSFER TO 3197944044306 / Andavar Marketing PVT LTD	99922	"11,491.00"	 	"8,85,828.11"
26-Jan-21	26-Jan-21	   TO TRANSFER-INB NEFT UTR NO: SBIN421026762196--G Shanmugam Traders	NEFT INB: CNABHWQTC2                              TRANSFER TO 3197944044306 / G Shanmugam Traders	99922	"1,657.00"	 	"8,84,171.11"
26-Jan-21	26-Jan-21	   TO TRANSFER-INB Payment towards Invoice/Bill--	CTM3948058               TRANSFER TO 57002369188                           NELLAI CERAMIC CENTRE / 	99922	"10,047.00"	 	"8,74,124.11"
26-Jan-21	26-Jan-21	   TO TRANSFER-INB NEFT UTR NO: SBIN421026762850--AJANTHA BATHROOM PRODUCTS AND PIPES	NEFT INB: CNABHWQUO5                              TRANSFER TO 3197944044306 / AJANTHA BATHROOM PRODUCTS AND PIPES	99922	"13,240.00"	 	"8,60,884.11"
26-Jan-21	26-Jan-21	   BULK POSTING-CR_TAMILNADU SANITARY STO             05548442  25--	 / 	16899	 	"60,756.21"	"9,21,640.32"
26-Jan-21	26-Jan-21	   BULK POSTING-CR_TAMILNADU SANITARY STO             05549442  25--	 / 	16899	 	"17,196.01"	"9,38,836.33"
27-Jan-21	27-Jan-21	   CASH DEPOSIT-CASH DEPOSIT SELF--	 / 	40236	 	"14,000.00"	"9,52,836.33"
28-Jan-21	28-Jan-21	TO CLEARING-KVB   HUSSAIN SANITARY STORES--116708	 / 116708	10395	"11,896.00"	 	"9,40,940.33"
28-Jan-21	28-Jan-21	   BULK POSTING-CR_TAMILNADU SANITARY STO             05549442  27--	 / 	16899	 	"14,824.18"	"9,55,764.51"
28-Jan-21	28-Jan-21	   BULK POSTING-CR_TAMILNADU SANITARY STO             05548442  27--	 / 	16899	 	"14,148.13"	"9,69,912.64"
28-Jan-21	28-Jan-21	   CSH DEP (CDM)-9092052786--	 / 	4292	 	"48,000.00"	"10,17,912.64"
28-Jan-21	28-Jan-21	   CSH DEP (CDM)-9092052786--	 / 	4292	 	"48,000.00"	"10,65,912.64"
29-Jan-21	29-Jan-21	   CSH DEP (CDM)-9092052786--	 / 	4292	 	"18,000.00"	"10,83,912.64"
29-Jan-21	29-Jan-21	   BULK POSTING-CR_TAMILNADU SANITARY STO             05548442  28--	 / 	16899	 	600	"10,84,512.64"
29-Jan-21	29-Jan-21	   BULK POSTING-CR_TAMILNADU SANITARY STO             05549442  28--	 / 	16899	 	"4,847.96"	"10,89,360.60"
29-Jan-21	29-Jan-21	   CASH DEPOSIT-CASH DEPOSIT SELF--	 / 	40236	 	"10,000.00"	"10,99,360.60"
29-Jan-21	29-Jan-21	   TO TRANSFER-INB NEFT UTR NO: SBIN221029886425--Sattar Sanitary Stores	NEFT INB: CNABHZUSR6                              TRANSFER TO 3197944044306 / Sattar Sanitary Stores	99922	"5,593.00"	 	"10,93,767.60"
29-Jan-21	29-Jan-21	   TO TRANSFER-INB NEFT UTR NO: SBIN221029888974--SRI SENI Enterprises	NEFT INB: CNABHZUUA6                              TRANSFER TO 3197944044306 / SRI SENI Enterprises	99922	"22,738.00"	 	"10,71,029.60"
29-Jan-21	29-Jan-21	   TO TRANSFER-INB NEFT UTR NO: SBIN221029891996--SHYAMS ENTERPRISES	NEFT INB: CNABHZUTW5                              TRANSFER TO 3197944044306 / SHYAMS ENTERPRISES	99922	"3,533.00"	 	"10,67,496.60"
29-Jan-21	29-Jan-21	   TO TRANSFER-INB NEFT UTR NO: SBIN221029894402--D S Associates	NEFT INB: CNABHZUWA9                              TRANSFER TO 3197944044306 / D S Associates	99922	"24,621.00"	 	"10,42,875.60"
29-Jan-21	29-Jan-21	   TO TRANSFER-INB NEFT UTR NO: SBIN221029900123--National Ceramic Centre	NEFT INB: CNABHZVAA0                              TRANSFER TO 3197944044306 / National Ceramic Centre	99922	"21,722.00"	 	"10,21,153.60"
29-Jan-21	29-Jan-21	   TO TRANSFER-INB NEFT UTR NO: SBIN221029904189--K N Industries	NEFT INB: CNABHZVCS1                              TRANSFER TO 3197944044306 / K N Industries	99922	"8,000.00"	 	"10,13,153.60"
29-Jan-21	29-Jan-21	   TO TRANSFER-INB NEFT UTR NO: SBIN221029906721--Shri Krishna Enterprises	NEFT INB: CNABHZVDA9                              TRANSFER TO 3197944044306 / Shri Krishna Enterprises	99922	"5,013.00"	 	"10,08,140.60"
29-Jan-21	29-Jan-21	   TO TRANSFER-INB NEFT UTR NO: SBIN221029910231--VALLI STEEL INDUSTRIES PVT LTD	NEFT INB: CNABHZVER0                              TRANSFER TO 3197944044306 / VALLI STEEL INDUSTRIES PVT LTD	99922	"5,268.00"	 	"10,02,872.60"
29-Jan-21	29-Jan-21	   TO TRANSFER-INB NEFT UTR NO: SBIN221029911714--LEGEND	NEFT INB: CNABHZVGQ5                              TRANSFER TO 3197944044306 / LEGEND	99922	"4,105.00"	 	"9,98,767.60"
29-Jan-21	29-Jan-21	   TO TRANSFER-INB NEFT UTR NO: SBIN221029915728--K M ASSOCIATES	NEFT INB: CNABHZVIC3                              TRANSFER TO 3197944044306 / K M ASSOCIATES	99922	"1,490.00"	 	"9,97,277.60"
29-Jan-21	29-Jan-21	   TO TRANSFER-INB NEFT UTR NO: SBIN221029918788--TRISHLA CORPORATION	NEFT INB: CNABHZVJG8                              TRANSFER TO 3197944044306 / TRISHLA CORPORATION	99922	"2,025.00"	 	"9,95,252.60"
30-Jan-21	30-Jan-21	   CSH DEP (CDM)-9092082786--	 / 	4292	 	"10,000.00"	"10,05,252.60"
30-Jan-21	30-Jan-21	   TO TRANSFER-INB Payment towards Invoice/Bill--	CTM4467566               TRANSFER TO 57002369188                           NELLAI CERAMIC CENTRE / 	99922	"6,931.00"	 	"9,98,321.60"
30-Jan-21	30-Jan-21	   TO TRANSFER-INB NEFT UTR NO: SBIN321030368725--TRISHLA AGENCIES	NEFT INB: CNABIAFEP9                              TRANSFER TO 3197944044306 / TRISHLA AGENCIES	99922	527	 	"9,97,794.60"
30-Jan-21	30-Jan-21	   TO TRANSFER-INB NEFT UTR NO: SBIN321030369443--TRISHLA CORPORATION	NEFT INB: CNABIAFGT4                              TRANSFER TO 3197944044306 / TRISHLA CORPORATION	99922	668	 	"9,97,126.60"
30-Jan-21	30-Jan-21	   TO TRANSFER-INB NEFT UTR NO: SBIN321030370257--AJANTHA BATHROOM PRODUCTS AND PIPES	NEFT INB: CNABIAFGH5                              TRANSFER TO 3197944044306 / AJANTHA BATHROOM PRODUCTS AND PIPES	99922	"16,199.00"	 	"9,80,927.60"
30-Jan-21	30-Jan-21	   TO TRANSFER-INB NEFT UTR NO: SBIN321030370715--K M CERAMICS	NEFT INB: CNABIAFIU6                              TRANSFER TO 3197944044306 / K M CERAMICS	99922	"12,000.00"	 	"9,68,927.60"
30-Jan-21	30-Jan-21	   TO TRANSFER-INB NEFT UTR NO: SBIN321030371661--Sri Ganapathy Enterprises	NEFT INB: CNABIAFIJ3                              TRANSFER TO 3197944044306 / Sri Ganapathy Enterprises	99922	"3,120.00"	 	"9,65,807.60"
30-Jan-21	30-Jan-21	   TO TRANSFER-INB NEFT UTR NO: SBIN321030372265--GUPTA SALES CORPORATION	NEFT INB: CNABIAFKG1                              TRANSFER TO 3197944044306 / GUPTA SALES CORPORATION	99922	"6,735.00"	 	"9,59,072.60"
30-Jan-21	30-Jan-21	   TO TRANSFER-INB NEFT UTR NO: SBIN321030372684--Andavar Marketing PVT LTD	NEFT INB: CNABIAFKP4                              TRANSFER TO 3197944044306 / Andavar Marketing PVT LTD	99922	"17,101.00"	 	"9,41,971.60"
30-Jan-21	30-Jan-21	   TO TRANSFER-INB NEFT UTR NO: SBIN321030376959--Andavar Marketing PVT LTD	NEFT INB: CNABIAFNP6                              TRANSFER TO 3197944044306 / Andavar Marketing PVT LTD	99922	"29,669.00"	 	"9,12,302.60"
30-Jan-21	30-Jan-21	   BULK POSTING-CR_TAMILNADU SANITARY STO             05549442  29--	 / 	16899	 	"6,112.44"	"9,18,415.04"
30-Jan-21	30-Jan-21	BY CLEARING / CHEQUE-CBI   BY CLEARING CHQ 132454 MICR 600016030--132454	 / 132454	10395	 	"10,996.00"	"9,29,411.04"
31-Jan-21	31-Jan-21	   TO TRANSFER-INB NEFT UTR NO: SBIN421031318582--ARUNKUMAR MANOHARAN	NEFT INB: CNABIBFBM4                              TRANSFER TO 3197944044306 / ARUNKUMAR MANOHARAN	99922	"5,000.00"	 	"9,24,411.04"
31-Jan-21	31-Jan-21	   TO TRANSFER-INB NEFT UTR NO: SBIN421031318684--SUPER TRADING CORPORATION	NEFT INB: CNABIBFBO0                              TRANSFER TO 3197944044306 / SUPER TRADING CORPORATION	99922	"15,000.00"	 	"9,09,411.04"
31-Jan-21	31-Jan-21	   BULK POSTING-CR_TAMILNADU SANITARY STO             05548442  30--	 / 	16899	 	"5,781.92"	"9,15,192.96"
31-Jan-21	31-Jan-21	   BULK POSTING-CR_TAMILNADU SANITARY STO             05549442  30--	 / 	16899	 	"12,806.13"	"9,27,999.09"
							
**This is a computer generated statement and does not require a signature							
