Account Name       :                	TAMILNADU SANITARY STORES
Address            :	NO 143,  KUTCHERY ROAD,  MYLAPORE  Chennai
                                    	CHENNAI
                                    	TAMILNADU-600004
                                    	India
Date               :                	4 Feb 2022
Account Number     :	_00000030976446269
Account Description:	CA-REGULAR-PUB-OTH-ALL-INR
Branch             :	SANTHOME
Drawing Power      :	0.00
Interest Rate(% p.a.):	0.0
MOD Balance      :	0.00
CIF No.          :	_85676868920
IFS Code         :	SBIN0040236
MICR Code        :	_600002332
Balance on 1 Jan 2022        :	8,33,359.60
Start Date          :	1 Jan 2022
End Date            :	31 Jan 2022
Txn Date	Value Date	Description	Ref No./Cheque No.	Branch Code	        Debit	Credit	Balance	
1 Jan 2022	1 Jan 2022	   TO TRANSFER-INB Payment towards Invoice/Bill--	CTQ6059436               TRANSFER TO 32423647359                           ARAVIND CERAMICS PRIVA / 	99922	18,250.00	 	8,15,109.60
1 Jan 2022	1 Jan 2022	   BULK POSTING-CR_TAMILNADU SANITARY STO             05549442  31--	 / 	16899	 	11,970.65	8,27,080.25
2 Jan 2022	2 Jan 2022	   TO TRANSFER-INB NEFT UTR NO: SBIN122002147963--Sultan Sanitary Stores	NEFT INB: CNABTQDKP7                              TRANSFER TO 4899157044304 / Sultan Sanitary Stores	99922	9,321.00	 	8,17,759.25
2 Jan 2022	2 Jan 2022	   TO TRANSFER-INB NEFT UTR NO: SBIN122002149410--Andavar Marketing PVT LTD	NEFT INB: CNABTQDLU2                              TRANSFER TO 4899157044304 / Andavar Marketing PVT LTD	99922	14,681.00	 	8,03,078.25
2 Jan 2022	2 Jan 2022	   TO TRANSFER-INB NEFT UTR NO: SBIN122002150736--K M CERAMICS	NEFT INB: CNABTQDMP6                              TRANSFER TO 4899157044304 / K M CERAMICS	99922	25,000.00	 	7,78,078.25
2 Jan 2022	2 Jan 2022	   TO TRANSFER-INB NEFT UTR NO: SBIN122002151364--NOBEL TILES WORLD	NEFT INB: CNABTQDMT0                              TRANSFER TO 4899157044304 / NOBEL TILES WORLD	99922	20,000.00	 	7,58,078.25
2 Jan 2022	2 Jan 2022	   TO TRANSFER-INB NEFT UTR NO: SBIN122002154006--NOBEL TILES WORLD	NEFT INB: CNABTQDMW0                              TRANSFER TO 4899157044304 / NOBEL TILES WORLD	99922	3,007.00	 	7,55,071.25
2 Jan 2022	2 Jan 2022	   TO TRANSFER-INB Payment towards Invoice/Bill--	CTQ6172234               TRANSFER TO 35879946549                           VARSIDDHI ENTERPRISES / 	99922	5,173.00	 	7,49,898.25
2 Jan 2022	2 Jan 2022	   BY TRANSFER-UPI/CR/200213008832/KARTHIK /IBKL/karthik.ra/Tiles--	TRANSFER FROM 4693737162093 / 	40236	 	6,000.00	7,55,898.25
3 Jan 2022	3 Jan 2022	   CASH DEPOSIT-CASH DEPOSIT SELF--	 / 	40236	 	95,500.00	8,51,398.25
3 Jan 2022	3 Jan 2022	   BY TRANSFER-NEFT*HDFC0000001*N003221776248327*DIRECT*Anil purc--	TRANSFER FROM 3199424044303 / 	4430	 	4,600.00	8,55,998.25
3 Jan 2022	3 Jan 2022	   BULK POSTING-CR_TAMILNADU SANITARY STO                 05549442--	 / 	16899	 	1,492.97	8,57,491.22
3 Jan 2022	3 Jan 2022	   BY TRANSFER-UPI/CR/200355762785/ASIF SUL/HDFC/sultan.asi/UPI--	TRANSFER FROM 4692994162095 / 	40236	 	11,500.00	8,68,991.22
4 Jan 2022	4 Jan 2022	   BULK POSTING-CR_TAMILNADU SANITARY STO                 05549442--	 / 	16899	 	3,959.39	8,72,950.61
4 Jan 2022	4 Jan 2022	   BY TRANSFER-NEFT*CNRB0000942*P004220146321022*SANKARAN S V*Win--	TRANSFER FROM 3199960044301 / 	4430	 	19,200.00	8,92,150.61
5 Jan 2022	5 Jan 2022	   TO TRANSFER-INB NEFT UTR NO: SBIN422005620544--D S Associates	NEFT INB: CNABTSWFQ4                              TRANSFER TO 4899157044304 / D S Associates	99922	8,284.00	 	8,83,866.61
5 Jan 2022	5 Jan 2022	   TO TRANSFER-INB NEFT UTR NO: SBIN422005621697--D S Associates	NEFT INB: CNABTSWFB6                              TRANSFER TO 4899157044304 / D S Associates	99922	23,541.00	 	8,60,325.61
5 Jan 2022	5 Jan 2022	   TO TRANSFER-INB NEFT UTR NO: SBIN422005621907--D S Associates	NEFT INB: CNABTSWFZ6                              TRANSFER TO 4899157044304 / D S Associates	99922	9,069.00	 	8,51,256.61
5 Jan 2022	5 Jan 2022	   TO TRANSFER-INB NEFT UTR NO: SBIN422005621485--D S Associates	NEFT INB: CNABTSWFM3                              TRANSFER TO 4899157044304 / D S Associates	99922	1,614.00	 	8,49,642.61
5 Jan 2022	5 Jan 2022	   TO TRANSFER-INB NEFT UTR NO: SBIN422005620760--SRI SENI Enterprises	NEFT INB: CNABTSWHI2                              TRANSFER TO 4899157044304 / SRI SENI Enterprises	99922	3,103.00	 	8,46,539.61
5 Jan 2022	5 Jan 2022	   TO TRANSFER-INB NEFT UTR NO: SBIN422005624235--Sattar Sanitary Stores	NEFT INB: CNABTSWHO8                              TRANSFER TO 4899157044304 / Sattar Sanitary Stores	99922	12,673.00	 	8,33,866.61
5 Jan 2022	5 Jan 2022	   TO TRANSFER-INB NEFT UTR NO: SBIN422005624966--Andavar Marketing PVT LTD	NEFT INB: CNABTSWJT8                              TRANSFER TO 4899157044304 / Andavar Marketing PVT LTD	99922	6,330.00	 	8,27,536.61
5 Jan 2022	5 Jan 2022	   TO TRANSFER-INB NEFT UTR NO: SBIN422005627059--Andavar Marketing PVT LTD	NEFT INB: CNABTSWKK0                              TRANSFER TO 4899157044304 / Andavar Marketing PVT LTD	99922	4,680.00	 	8,22,856.61
5 Jan 2022	5 Jan 2022	   TO TRANSFER-INB NEFT UTR NO: SBIN422005627409--Andavar Marketing PVT LTD	NEFT INB: CNABTSWLT6                              TRANSFER TO 4899157044304 / Andavar Marketing PVT LTD	99922	14,836.00	 	8,08,020.61
5 Jan 2022	5 Jan 2022	   TO TRANSFER-INB NEFT UTR NO: SBIN422005628511--JACINTHA MARY	NEFT INB: CNABTSWLY9                              TRANSFER TO 4899157044304 / JACINTHA MARY	99922	2,500.00	 	8,05,520.61
5 Jan 2022	5 Jan 2022	   CASH DEPOSIT-CASH DEPOSIT SELF--	 / 	40236	 	39,000.00	8,44,520.61
5 Jan 2022	5 Jan 2022	   TO TRANSFER-INB NEFT UTR NO: SBIN422005710107--NOBEL TILES WORLD	NEFT INB: CNABTSYVL1                              TRANSFER TO 4899157044304 / NOBEL TILES WORLD	99922	20,000.00	 	8,24,520.61
5 Jan 2022	5 Jan 2022	   BULK POSTING-CR_TAMILNADU SANITARY STO                 05549442--	 / 	16899	 	9,242.11	8,33,762.72
6 Jan 2022	6 Jan 2022	   TO TRANSFER-INB NEFT UTR NO: SBIN122006336545--G Shanmugam Traders	NEFT INB: CNABTUFMP7                              TRANSFER TO 4899157044304 / G Shanmugam Traders	99922	1,381.00	 	8,32,381.72
6 Jan 2022	6 Jan 2022	   TO TRANSFER-INB NEFT UTR NO: SBIN122006337618--GUPTA SALES CORPORATION	NEFT INB: CNABTUFOT7                              TRANSFER TO 4899157044304 / GUPTA SALES CORPORATION	99922	5,042.00	 	8,27,339.72
6 Jan 2022	6 Jan 2022	   TO TRANSFER-INB NEFT UTR NO: SBIN122006338328--ANCHOR DISTRIBUTION SYSTEMS	NEFT INB: CNABTUFRB4                              TRANSFER TO 4899157044304 / ANCHOR DISTRIBUTION SYSTEMS	99922	9,528.00	 	8,17,811.72
6 Jan 2022	6 Jan 2022	   TO TRANSFER-INB NEFT UTR NO: SBIN122006342155--TRISHLA AGENCIES	NEFT INB: CNABTUFRN3                              TRANSFER TO 4899157044304 / TRISHLA AGENCIES	99922	6,222.00	 	8,11,589.72
6 Jan 2022	6 Jan 2022	   TO TRANSFER-INB NEFT UTR NO: SBIN122006342478--TRISHLA CORPORATION	NEFT INB: CNABTUFUH0                              TRANSFER TO 4899157044304 / TRISHLA CORPORATION	99922	2,013.00	 	8,09,576.72
6 Jan 2022	6 Jan 2022	   TO TRANSFER-INB NEFT UTR NO: SBIN122006345212--AJANTHA BATHROOM PRODUCTS AND PIPES	NEFT INB: CNABTUFUZ5                              TRANSFER TO 4899157044304 / AJANTHA BATHROOM PRODUCTS AND PIPES	99922	15,208.00	 	7,94,368.72
6 Jan 2022	6 Jan 2022	   TO TRANSFER-INB Payment towards Invoice/Bill--	CTQ6757834               TRANSFER TO 32423647359                           ARAVIND CERAMICS PRIVA / 	99922	9,177.00	 	7,85,191.72
6 Jan 2022	6 Jan 2022	   TO TRANSFER-INB NEFT UTR NO: SBIN122006350368--SRI SENI Enterprises	NEFT INB: CNABTUFYQ9                              TRANSFER TO 4899157044304 / SRI SENI Enterprises	99922	4,086.00	 	7,81,105.72
6 Jan 2022	6 Jan 2022	   BULK POSTING-CR_TAMILNADU SANITARY STO                 05549442--	 / 	16899	 	41,529.23	8,22,634.95
6 Jan 2022	6 Jan 2022	BY CLEARING / CHEQUE-HDF   600240002-235182 600002332--235182	 / 235182	10395	 	7,875.00	8,30,509.95
6 Jan 2022	6 Jan 2022	BY CLEARING / CHEQUE-FBL   600049005-137274 600002332--137274	 / 137274	10395	 	4,100.00	8,34,609.95
6 Jan 2022	6 Jan 2022	   BY TRANSFER-NEFT*HDFC0000001*N006221782233183*DIRECT*1 ivory 1--	TRANSFER FROM 3199679044302 / 	4430	 	2,500.00	8,37,109.95
6 Jan 2022	6 Jan 2022	   BY TRANSFER-UPI/CR/200654801324/Mr SATHI/IDIB/cpmpowerci/Mylap--	TRANSFER FROM 4693323162094 / 	40236	 	4,500.00	8,41,609.95
7 Jan 2022	7 Jan 2022	   CASH DEPOSIT-CASH DEPOSIT SELF--	 / 	40236	 	50,000.00	8,91,609.95
7 Jan 2022	7 Jan 2022	   TO TRANSFER-INB NEFT UTR NO: SBIN222007996822--SHRI Venkateswar Agency	NEFT INB: CNABTVUIQ8                              TRANSFER TO 4899157044304 / SHRI Venkateswar Agency	99922	10,000.00	 	8,81,609.95
7 Jan 2022	7 Jan 2022	   TO TRANSFER-INB NEFT UTR NO: SBIN222007998355--NOBEL TILES WORLD	NEFT INB: CNABTVULG0                              TRANSFER TO 4899157044304 / NOBEL TILES WORLD	99922	7,506.00	 	8,74,103.95
7 Jan 2022	7 Jan 2022	   TO TRANSFER-INB Salary Payment--	CTQ6973343               TRANSFER TO 32950808735                           Mr. KASI  R / 	99922	17,000.00	 	8,57,103.95
7 Jan 2022	7 Jan 2022	   TO TRANSFER-INB Salary Payment--	CTQ6973394               TRANSFER TO 31054735034                           Mr. NOUSHAD  ABDUL SAL / 	99922	14,500.00	 	8,42,603.95
7 Jan 2022	7 Jan 2022	   BULK POSTING-CR_TAMILNADU SANITARY STO                 05549442--	 / 	16899	 	18,319.60	8,60,923.55
8 Jan 2022	8 Jan 2022	   TO TRANSFER-INB NEFT UTR NO: SBIN422008150052--Andavar Marketing PVT LTD	NEFT INB: CNABTWOKH9                              TRANSFER TO 4899157044304 / Andavar Marketing PVT LTD	99922	4,020.00	 	8,56,903.55
8 Jan 2022	8 Jan 2022	   TO TRANSFER-INB NEFT UTR NO: SBIN422008150338--Shabbir Sanitary Stores	NEFT INB: CNABTWOLG3                              TRANSFER TO 4899157044304 / Shabbir Sanitary Stores	99922	8,095.00	 	8,48,808.55
8 Jan 2022	8 Jan 2022	   TO TRANSFER-INB Payment towards Invoice/Bill--	CTQ7066564               TRANSFER TO 32818937606                           GOLDEN HARDWARE CENTRE / 	99922	1,108.00	 	8,47,700.55
8 Jan 2022	8 Jan 2022	   TO TRANSFER-INB NEFT UTR NO: SBIN422008151056--Sri Kesava Traders	NEFT INB: CNABTWOLP2                              TRANSFER TO 4899157044304 / Sri Kesava Traders	99922	7,900.00	 	8,39,800.55
8 Jan 2022	8 Jan 2022	   TO TRANSFER-INB NEFT UTR NO: SBIN422008151176--SHYAMS ENTERPRISES	NEFT INB: CNABTWOMW2                              TRANSFER TO 4899157044304 / SHYAMS ENTERPRISES	99922	6,576.00	 	8,33,224.55
8 Jan 2022	8 Jan 2022	   TO TRANSFER-INB NEFT UTR NO: SBIN422008149817--MANGALAM SANITARY	NEFT INB: CNABTWONO9                              TRANSFER TO 4899157044304 / MANGALAM SANITARY	99922	4,189.00	 	8,29,035.55
8 Jan 2022	8 Jan 2022	   TO TRANSFER-INB NEFT UTR NO: SBIN422008151787--Sattar Sanitary Stores	NEFT INB: CNABTWONH4                              TRANSFER TO 4899157044304 / Sattar Sanitary Stores	99922	11,562.00	 	8,17,473.55
8 Jan 2022	8 Jan 2022	   TO TRANSFER-INB NEFT UTR NO: SBIN422008151500--D S Associates	NEFT INB: CNABTWONY8                              TRANSFER TO 4899157044304 / D S Associates	99922	20,000.00	 	7,97,473.55
8 Jan 2022	8 Jan 2022	   BY TRANSFER-UPI/CR/200882900902/SUMAN KA/ICIC/sumanoctob/UPI--	TRANSFER FROM 4693588162090 / 	40236	 	6,000.00	8,03,473.55
10 Jan 2022	10 Jan 2022	   CASH DEPOSIT-CASH DEPOSIT SELF--	 / 	40236	 	36,000.00	8,39,473.55
10 Jan 2022	10 Jan 2022	   BY TRANSFER-UPI/CR/201011017964/LAKSHMI  S/SBIN/shankarpau/til--	TRANSFER FROM 4693063162097 / 	40236	 	1,800.00	8,41,273.55
10 Jan 2022	10 Jan 2022	   BULK POSTING-CR_TAMILNADU SANITARY STO                 05549442--	 / 	16899	 	11,750.00	8,53,023.55
10 Jan 2022	10 Jan 2022	   BULK POSTING-CR_TAMILNADU SANITARY STO                 05549442--	 / 	16899	 	72,388.46	9,25,412.01
10 Jan 2022	10 Jan 2022	   BULK POSTING-ACHCr 999ZN99            All India--	 / 	61076	 	1,980.00	9,27,392.01
11 Jan 2022	11 Jan 2022	TO CLEARING-IOB   GANESH AUTOMOBILE--450471	 / 450471	10395	7,800.00	 	9,19,592.01
11 Jan 2022	11 Jan 2022	   TO TRANSFER-INB NEFT UTR NO: SBIN122011649781--AJANTHA BATHROOM PRODUCTS AND PIPES	NEFT INB: CNABTZBIZ0                              TRANSFER TO 4899157044304 / AJANTHA BATHROOM PRODUCTS AND PIPES	99922	21,282.00	 	8,98,310.01
11 Jan 2022	11 Jan 2022	   TO TRANSFER-INB NEFT UTR NO: SBIN122011651120--K M CERAMICS	NEFT INB: CNABTZBJU7                              TRANSFER TO 4899157044304 / K M CERAMICS	99922	22,200.00	 	8,76,110.01
11 Jan 2022	11 Jan 2022	   TO TRANSFER-INB NEFT UTR NO: SBIN122011652069--TRISHLA AGENCIES	NEFT INB: CNABTZBLI6                              TRANSFER TO 4899157044304 / TRISHLA AGENCIES	99922	7,076.00	 	8,69,034.01
11 Jan 2022	11 Jan 2022	   TO TRANSFER-INB NEFT UTR NO: SBIN122011651389--Shabbir Sanitary Stores	NEFT INB: CNABTZBMR9                              TRANSFER TO 4899157044304 / Shabbir Sanitary Stores	99922	14,632.00	 	8,54,402.01
11 Jan 2022	11 Jan 2022	   TO TRANSFER-INB NEFT UTR NO: SBIN122011650842--Shiv Shakti Agencies	NEFT INB: CNABTZBML8                              TRANSFER TO 4899157044304 / Shiv Shakti Agencies	99922	5,246.00	 	8,49,156.01
11 Jan 2022	11 Jan 2022	   BULK POSTING-CR_TAMILNADU SANITARY STO                 05549442--	 / 	16899	 	8,874.50	8,58,030.51
11 Jan 2022	11 Jan 2022	   TO TRANSFER-INB NEFT UTR NO: SBIN222011444201--NOBEL TILES WORLD	NEFT INB: CNABTZVYE6                              TRANSFER TO 4899157044304 / NOBEL TILES WORLD	99922	17,159.00	 	8,40,871.51
11 Jan 2022	11 Jan 2022	   TO TRANSFER-INB NEFT UTR NO: SBIN222011449149--NOBEL TILES WORLD	NEFT INB: CNABTZVYU2                              TRANSFER TO 4899157044304 / NOBEL TILES WORLD	99922	23,251.00	 	8,17,620.51
12 Jan 2022	12 Jan 2022	TO CLEARING-FBL   NATIONALTILES--450475	 / 450475	10395	4,800.00	 	8,12,820.51
12 Jan 2022	12 Jan 2022	   CASH DEPOSIT-CASH DEPOSIT SELF--	 / 	40236	 	36,000.00	8,48,820.51
12 Jan 2022	12 Jan 2022	CHEQUE WDL-CHEQUE TRANSFER TO--450474	TRANSFER FROM 30234646852                         NELLAI CERAMIC CENTRE / 450474	3307	11,045.00	 	8,37,775.51
12 Jan 2022	12 Jan 2022	   BULK POSTING-CR_TAMILNADU SANITARY STO                 05549442--	 / 	16899	 	21,118.30	8,58,893.81
13 Jan 2022	13 Jan 2022	   CASH DEPOSIT-CASH DEPOSIT SELF--	 / 	40236	 	30,000.00	8,88,893.81
13 Jan 2022	13 Jan 2022	   BULK POSTING-CR_TAMILNADU SANITARY STO          05549442--	 / 	16899	 	6,727.09	8,95,620.90
13 Jan 2022	13 Jan 2022	BY CLEARING / CHEQUE-FBL   600049005-137281 600002332--137281	 / 137281	10395	 	700.00	8,96,320.90
13 Jan 2022	13 Jan 2022	BY CLEARING / CHEQUE-CBI   600016030-142630 600002332--142630	 / 142630	10395	 	4,155.00	9,00,475.90
13 Jan 2022	13 Jan 2022	   TO TRANSFER-INB Payment towards Invoice/Bill--	CTQ7856003               TRANSFER TO 32423647359                           ARAVIND CERAMICS PRIVA / 	99922	5,420.00	 	8,95,055.90
13 Jan 2022	13 Jan 2022	   TO TRANSFER-INB Payment towards Invoice/Bill--	CTQ7856085               TRANSFER TO 32423647359                           ARAVIND CERAMICS PRIVA / 	99922	1,835.00	 	8,93,220.90
13 Jan 2022	13 Jan 2022	   TO TRANSFER-INB NEFT UTR NO: SBIN422013782594--NOBEL TILES WORLD	NEFT INB: CNABUCGQA0                              TRANSFER TO 4899157044304 / NOBEL TILES WORLD	99922	1,552.00	 	8,91,668.90
13 Jan 2022	13 Jan 2022	   TO TRANSFER-INB NEFT UTR NO: SBIN422013823455--Andavar Marketing PVT LTD	NEFT INB: CNABUCHOI2                              TRANSFER TO 4899157044304 / Andavar Marketing PVT LTD	99922	11,235.00	 	8,80,433.90
13 Jan 2022	13 Jan 2022	   TO TRANSFER-INB NEFT UTR NO: SBIN422013830754--Andavar Marketing PVT LTD	NEFT INB: CNABUCHRE7                              TRANSFER TO 4899157044304 / Andavar Marketing PVT LTD	99922	6,545.00	 	8,73,888.90
14 Jan 2022	14 Jan 2022	   TO TRANSFER-INB NEFT UTR NO: SBIN522014227889--D S Associates	NEFT INB: CNABUCTWY3                              TRANSFER TO 4899157044304 / D S Associates	99922	18,728.00	 	8,55,160.90
14 Jan 2022	14 Jan 2022	   TO TRANSFER-INB NEFT UTR NO: SBIN522014230666--D S Associates	NEFT INB: CNABUCTXT8                              TRANSFER TO 4899157044304 / D S Associates	99922	4,446.00	 	8,50,714.90
14 Jan 2022	14 Jan 2022	   TO TRANSFER-INB NEFT UTR NO: SBIN522014232175--Sattar Sanitary Stores	NEFT INB: CNABUCTZK5                              TRANSFER TO 4899157044304 / Sattar Sanitary Stores	99922	8,680.00	 	8,42,034.90
14 Jan 2022	14 Jan 2022	   TO TRANSFER-INB NEFT UTR NO: SBIN522014235132--MANGALAM SANITARY	NEFT INB: CNABUCUAF4                              TRANSFER TO 4899157044304 / MANGALAM SANITARY	99922	10,000.00	 	8,32,034.90
14 Jan 2022	14 Jan 2022	   BULK POSTING-CR_TAMILNADU SANITARY STO          05549442--	 / 	16899	 	13,297.32	8,45,332.22
14 Jan 2022	14 Jan 2022	   TO TRANSFER-INB NEFT UTR NO: SBIN522014234899--SHYAMS ENTERPRISES	NEFT INB: CNABUCUCF8                              TRANSFER TO 4899157044304 / SHYAMS ENTERPRISES	99922	6,600.00	 	8,38,732.22
14 Jan 2022	14 Jan 2022	   TO TRANSFER-INB NEFT UTR NO: SBIN522014238921--BHARATH Enterprises	NEFT INB: CNABUCUFH2                              TRANSFER TO 4899157044304 / BHARATH Enterprises	99922	8,270.00	 	8,30,462.22
14 Jan 2022	14 Jan 2022	   TO TRANSFER-INB NEFT UTR NO: SBIN522014250129--JACINTHA MARY	NEFT INB: CNABUCUJJ0                              TRANSFER TO 4899157044304 / JACINTHA MARY	99922	3,000.00	 	8,27,462.22
14 Jan 2022	14 Jan 2022	BY CLEARING / CHEQUE-INB   600019035-412004 600002332--412004	 / 412004	10395	 	1,900.00	8,29,362.22
18 Jan 2022	18 Jan 2022	   BY TRANSFER-UPI/CR/201884361710/VIJAY SE/UBIN/nandyvijay/UPI--	TRANSFER FROM 4693150162097 / 	40236	 	7,200.00	8,36,562.22
18 Jan 2022	18 Jan 2022	   BULK POSTING-CR_TAMILNADU SANITARY STO          05549442--	 / 	16899	 	24,551.82	8,61,114.04
18 Jan 2022	18 Jan 2022	BY CLEARING / CHEQUE-KVB   600053008-004220 600002332--4220	 / 4220	10395	 	5,446.00	8,66,560.04
18 Jan 2022	18 Jan 2022	   BY TRANSFER-UPI/CR/201815243096/ANBU  G K/SBIN/anbuguru6@/UPI--	TRANSFER FROM 4693184162099 / 	40236	 	1,080.00	8,67,640.04
19 Jan 2022	19 Jan 2022	   CASH DEPOSIT-CASH DEPOSIT SELF--	 / 	40236	 	50,500.00	9,18,140.04
19 Jan 2022	19 Jan 2022	   BULK POSTING-CR_TAMILNADU SANITARY STO          05549442--	 / 	16899	 	1,517.45	9,19,657.49
19 Jan 2022	19 Jan 2022	   TO TRANSFER-INB NEFT UTR NO: SBIN322019659884--NOBEL TILES WORLD	NEFT INB: CNABUGQGK4                              TRANSFER TO 4899157044304 / NOBEL TILES WORLD	99922	26,442.00	 	8,93,215.49
19 Jan 2022	19 Jan 2022	   BY TRANSFER-UPI/CR/201913442606/Suriya B/SBIN/mohamedsal/parry--	TRANSFER FROM 5098967162090 / 	40236	 	3,900.00	8,97,115.49
19 Jan 2022	19 Jan 2022	   TO TRANSFER-INB NEFT UTR NO: SBIN322019702523--NOBEL TILES WORLD	NEFT INB: CNABUGREJ7                              TRANSFER TO 4899157044304 / NOBEL TILES WORLD	99922	15,481.00	 	8,81,634.49
19 Jan 2022	19 Jan 2022	   TO TRANSFER-INB NEFT UTR NO: SBIN322019702760--Andavar Marketing PVT LTD	NEFT INB: CNABUGRGH9                              TRANSFER TO 4899157044304 / Andavar Marketing PVT LTD	99922	20,786.00	 	8,60,848.49
19 Jan 2022	19 Jan 2022	   TO TRANSFER-INB NEFT UTR NO: SBIN322019708894--K M CERAMICS	NEFT INB: CNABUGRJY7                              TRANSFER TO 4899157044304 / K M CERAMICS	99922	20,000.00	 	8,40,848.49
19 Jan 2022	19 Jan 2022	   BY TRANSFER-UPI/CR/201941413519/SUMAN KA/ICIC/sumanoctob/UPI--	TRANSFER FROM 5098394162099 / 	40236	 	620.00	8,41,468.49
19 Jan 2022	19 Jan 2022	   BY TRANSFER-INB IMPS201918715977/9962350035/XX4241/Payment fo--	MAB000945990740          MAB000945990740          TRANSFER FROM 4597940162090 / 	99922	 	35,580.00	8,77,048.49
19 Jan 2022	19 Jan 2022	   BY TRANSFER-UPI/CR/201917441426/MOHAMMED/IOBA/mohammedth/UPI--	TRANSFER FROM 5099002162090 / 	40236	 	16,100.00	8,93,148.49
20 Jan 2022	20 Jan 2022	   BULK POSTING-CR_TAMILNADU SANITARY STO          05549442--	 / 	16899	 	33,138.90	9,26,287.39
20 Jan 2022	20 Jan 2022	BY CLEARING / CHEQUE-GPO   600111006-541231 600002332--541231	 / 541231	10395	 	2,350.00	9,28,637.39
20 Jan 2022	20 Jan 2022	   TO TRANSFER-INB--	22013300356679CKS6164917               TRANSFER TO 36959638924                           POOLING ACCOUNT GST-MM / 	99922	30,677.00	 	8,97,960.39
21 Jan 2022	21 Jan 2022	   TO TRANSFER-INB--	14590405922CHI5112041               TRANSFER TO 4599569162098 / 	99922	3,358.28	 	8,94,602.11
21 Jan 2022	21 Jan 2022	   BULK POSTING-CR_TAMILNADU SANITARY STO          05549442--	 / 	16899	 	23,532.06	9,18,134.17
21 Jan 2022	21 Jan 2022	BY CLEARING / CHEQUE-CBI   600016003-028623 600002332--28623	 / 28623	10395	 	1,960.00	9,20,094.17
21 Jan 2022	21 Jan 2022	BY CLEARING / CHEQUE-KOT   600485017-000961 600002332--961	 / 961	10395	 	4,155.00	9,24,249.17
21 Jan 2022	21 Jan 2022	   TO TRANSFER-INB NEFT UTR NO: SBIN522021971648--Sattar Sanitary Stores	NEFT INB: CNABUIUUH8                              TRANSFER TO 4899157044304 / Sattar Sanitary Stores	99922	11,986.00	 	9,12,263.17
21 Jan 2022	21 Jan 2022	   TO TRANSFER-INB NEFT UTR NO: SBIN522021974503--SHYAMS ENTERPRISES	NEFT INB: CNABUIUUR8                              TRANSFER TO 4899157044304 / SHYAMS ENTERPRISES	99922	3,469.00	 	9,08,794.17
21 Jan 2022	21 Jan 2022	   TO TRANSFER-INB NEFT UTR NO: SBIN522021974694--D S Associates	NEFT INB: CNABUIUWP8                              TRANSFER TO 4899157044304 / D S Associates	99922	25,000.00	 	8,83,794.17
21 Jan 2022	21 Jan 2022	   TO TRANSFER-INB NEFT UTR NO: SBIN522021975423--SRI SENI Enterprises	NEFT INB: CNABUIUWZ1                              TRANSFER TO 4899157044304 / SRI SENI Enterprises	99922	12,000.00	 	8,71,794.17
22 Jan 2022	22 Jan 2022	   BY TRANSFER-INB IMPS202211002327/9962707401/XX5105/Plemingite--	MAB000947303310          MAB000947303310          TRANSFER FROM 4898027162095 / 	99922	 	4,450.00	8,76,244.17
23 Jan 2022	23 Jan 2022	   TO TRANSFER-INB NEFT UTR NO: SBIN122023988788--Hussain Sanitary Stores	NEFT INB: CNABUKAMA9                              TRANSFER TO 4899157044304 / Hussain Sanitary Stores	99922	11,413.00	 	8,64,831.17
24 Jan 2022	24 Jan 2022	   CASH DEPOSIT-CASH DEPOSIT SELF--	 / 	40236	 	49,000.00	9,13,831.17
24 Jan 2022	24 Jan 2022	   TO TRANSFER-INB NEFT UTR NO: SBIN222024147412--ARUNKUMAR MANOHARAN	NEFT INB: CNABUKHXJ1                              TRANSFER TO 4899157044304 / ARUNKUMAR MANOHARAN	99922	6,000.00	 	9,07,831.17
24 Jan 2022	24 Jan 2022	   TO TRANSFER-INB NEFT UTR NO: SBIN222024147861--ARUNKUMAR MANOHARAN	NEFT INB: CNABUKHWW1                              TRANSFER TO 4899157044304 / ARUNKUMAR MANOHARAN	99922	6,000.00	 	9,01,831.17
24 Jan 2022	24 Jan 2022	   TO TRANSFER-INB NEFT UTR NO: SBIN222024147637--ARUNKUMAR MANOHARAN	NEFT INB: CNABUKHZK7                              TRANSFER TO 4899157044304 / ARUNKUMAR MANOHARAN	99922	5,000.00	 	8,96,831.17
24 Jan 2022	24 Jan 2022	   TO TRANSFER-INB NEFT UTR NO: SBIN222024148468--NOBEL TILES WORLD	NEFT INB: CNABUKHZT7                              TRANSFER TO 4899157044304 / NOBEL TILES WORLD	99922	12,717.00	 	8,84,114.17
24 Jan 2022	24 Jan 2022	   TO TRANSFER-INB NEFT UTR NO: SBIN222024150382--ANCHOR DISTRIBUTION SYSTEMS	NEFT INB: CNABUKIAQ5                              TRANSFER TO 4899157044304 / ANCHOR DISTRIBUTION SYSTEMS	99922	9,404.00	 	8,74,710.17
24 Jan 2022	24 Jan 2022	   TO TRANSFER-INB NEFT UTR NO: SBIN222024150807--Andavar Marketing PVT LTD	NEFT INB: CNABUKIBM8                              TRANSFER TO 4899157044304 / Andavar Marketing PVT LTD	99922	16,911.00	 	8,57,799.17
24 Jan 2022	24 Jan 2022	   BULK POSTING-CR_TAMILNADU SANITARY STO          05549442--	 / 	16899	 	12,156.32	8,69,955.49
24 Jan 2022	24 Jan 2022	   BULK POSTING-CR_TAMILNADU SANITARY STO          05549442--	 / 	16899	 	2,153.80	8,72,109.29
24 Jan 2022	24 Jan 2022	   BY TRANSFER-INB IMPS202412484282/9840049503/XX0587/Srinivas B--	MAE000047681104          MAE000047681104          TRANSFER FROM 4897957162095 / 	99922	 	4,700.00	8,76,809.29
25 Jan 2022	25 Jan 2022	TO CLEARING-TMB   HAPPY ZONE HEALTH STORE--450476	 / 450476	10395	2,800.00	 	8,74,009.29
25 Jan 2022	25 Jan 2022	   BULK POSTING-CR_TAMILNADU SANITARY STO          05549442--	 / 	16899	 	9,297.82	8,83,307.11
25 Jan 2022	25 Jan 2022	BY CLEARING / CHEQUE-CBI   600016051-020648 600002332--20648	 / 20648	10395	 	38,637.00	9,21,944.11
25 Jan 2022	25 Jan 2022	   BY TRANSFER-NEFT*DBSS0IN0811*0811OP2101586596*CHEMPLAST SANMAR--	TRANSFER FROM 3199955044308 / 	4430	 	1,580.00	9,23,524.11
25 Jan 2022	25 Jan 2022	   BY TRANSFER-UPI/CR/202525820827/GHOUTHAM/HDFC/ghoutham@o/flush--	TRANSFER FROM 5098325162091 / 	40236	 	450.00	9,23,974.11
27 Jan 2022	27 Jan 2022	   CASH DEPOSIT-CASH DEPOSIT SELF--	 / 	40236	 	59,500.00	9,83,474.11
27 Jan 2022	27 Jan 2022	   BULK POSTING-CR_TAMILNADU SANITARY STO          05549442--	 / 	16899	 	1,047.53	9,84,521.64
27 Jan 2022	27 Jan 2022	   BY TRANSFER-UPI/CR/202757193967/MEERA AR/HDFC/meeraa.ara/UPI--	TRANSFER FROM 4693400162095 / 	40236	 	4,200.00	9,88,721.64
27 Jan 2022	27 Jan 2022	   TO TRANSFER-INB NEFT UTR NO: SBIN422027653121--AJANTHA BATHROOM PRODUCTS AND PIPES	NEFT INB: CNABUNGAI3                              TRANSFER TO 4899157044304 / AJANTHA BATHROOM PRODUCTS AND PIPES	99922	25,439.00	 	9,63,282.64
27 Jan 2022	27 Jan 2022	   TO TRANSFER-INB NEFT UTR NO: SBIN422027655980--Sattar Sanitary Stores	NEFT INB: CNABUNGAV8                              TRANSFER TO 4899157044304 / Sattar Sanitary Stores	99922	14,910.00	 	9,48,372.64
27 Jan 2022	27 Jan 2022	   TO TRANSFER-INB NEFT UTR NO: SBIN422027656668--D S Associates	NEFT INB: CNABUNGCX0                              TRANSFER TO 4899157044304 / D S Associates	99922	20,000.00	 	9,28,372.64
27 Jan 2022	27 Jan 2022	   TO TRANSFER-INB NEFT UTR NO: SBIN422027658127--SRI SENI Enterprises	NEFT INB: CNABUNGFR7                              TRANSFER TO 4899157044304 / SRI SENI Enterprises	99922	4,744.00	 	9,23,628.64
27 Jan 2022	27 Jan 2022	   TO TRANSFER-INB NEFT UTR NO: SBIN422027661474--SRI SENI Enterprises	NEFT INB: CNABUNGGD1                              TRANSFER TO 4899157044304 / SRI SENI Enterprises	99922	9,346.00	 	9,14,282.64
27 Jan 2022	27 Jan 2022	   TO TRANSFER-INB NEFT UTR NO: SBIN422027664222--Andavar Marketing PVT LTD	NEFT INB: CNABUNGIA0                              TRANSFER TO 4899157044304 / Andavar Marketing PVT LTD	99922	17,836.00	 	8,96,446.64
27 Jan 2022	27 Jan 2022	   TO TRANSFER-INB NEFT UTR NO: SBIN422027667315--NOBEL TILES WORLD	NEFT INB: CNABUNGII3                              TRANSFER TO 4899157044304 / NOBEL TILES WORLD	99922	17,756.00	 	8,78,690.64
27 Jan 2022	27 Jan 2022	   BULK POSTING-CR_TAMILNADU SANITARY STO          05549442--	 / 	16899	 	31,421.59	9,10,112.23
28 Jan 2022	28 Jan 2022	   BULK POSTING-CR_TAMILNADU SANITARY STO          05549442--	 / 	16899	 	3,007.72	9,13,119.95
28 Jan 2022	28 Jan 2022	BY CLEARING / CHEQUE-KCU   600054013-001223 600002332--1223	 / 1223	10395	 	13,000.00	9,26,119.95
29 Jan 2022	29 Jan 2022	   CASH DEPOSIT-CASH DEPOSIT SELF--	 / 	40236	 	41,000.00	9,67,119.95
29 Jan 2022	29 Jan 2022	   BULK POSTING-CR_TAMILNADU SANITARY STO          05549442--	 / 	16899	 	12,402.94	9,79,522.89
29 Jan 2022	29 Jan 2022	   TO TRANSFER-INB NEFT UTR NO: SBIN122029914793--K M CERAMICS	NEFT INB: CNABUPKSG7                              TRANSFER TO 4899157044304 / K M CERAMICS	99922	25,000.00	 	9,54,522.89
29 Jan 2022	29 Jan 2022	   TO TRANSFER-INB Payment towards Invoice/Bill--	CTQ9688934               TRANSFER TO 57002369188                           NELLAI CERAMIC CENTRE / 	99922	7,053.00	 	9,47,469.89
29 Jan 2022	29 Jan 2022	   TO TRANSFER-INB NEFT UTR NO: SBIN122029921404--ANCHOR DISTRIBUTION SYSTEMS	NEFT INB: CNABUPKVI2                              TRANSFER TO 4899157044304 / ANCHOR DISTRIBUTION SYSTEMS	99922	6,282.00	 	9,41,187.89
29 Jan 2022	29 Jan 2022	   TO TRANSFER-INB NEFT UTR NO: SBIN122029924131--TRISHLA CORPORATION	NEFT INB: CNABUPKUU8                              TRANSFER TO 4899157044304 / TRISHLA CORPORATION	99922	7,122.00	 	9,34,065.89
29 Jan 2022	29 Jan 2022	   TO TRANSFER-INB NEFT UTR NO: SBIN122029927346--MANGALAM SANITARY	NEFT INB: CNABUPKXS3                              TRANSFER TO 4899157044304 / MANGALAM SANITARY	99922	10,162.00	 	9,23,903.89
29 Jan 2022	29 Jan 2022	   TO TRANSFER-INB NEFT UTR NO: SBIN122029930615--Expanded Metal Mart	NEFT INB: CNABUPKZC8                              TRANSFER TO 4899157044304 / Expanded Metal Mart	99922	8,000.00	 	9,15,903.89
31 Jan 2022	31 Jan 2022	TO CLEARING-HDF   NATIONALCERAMICCENTRE--450479	 / 450479	10395	2,860.00	 	9,13,043.89
31 Jan 2022	31 Jan 2022	   CASH DEPOSIT-CASH DEPOSIT SELF--	 / 	40236	 	29,000.00	9,42,043.89
31 Jan 2022	31 Jan 2022	CASH HANDLING CHARGES---38976288	 / 38976288	40236	59.00	 	9,41,984.89
31 Jan 2022	31 Jan 2022	TO DEBIT THROUGH CHEQUE-SBI--450480	 / 450480	40236	1,50,000.00	 	7,91,984.89
31 Jan 2022	31 Jan 2022	TO DEBIT THROUGH CHEQUE-SBI--450482	 / 450482	40236	1,00,000.00	 	6,91,984.89
31 Jan 2022	31 Jan 2022	TO DEBIT THROUGH CHEQUE-SBI--450481	 / 450481	40236	1,50,000.00	 	5,41,984.89
31 Jan 2022	31 Jan 2022	   BULK POSTING-CR_TAMILNADU SANITARY STO          05549442--	 / 	16899	 	7,306.61	5,49,291.50
31 Jan 2022	31 Jan 2022	   BY TRANSFER-UPI/CR/203115216503/PRADEEP /CNRB/pradeepsiv/Kaild--	TRANSFER FROM 5098244162091 / 	40236	 	1,500.00	5,50,791.50

**This is a computer generated statement and does not require a signature