Account Name       :                	TAMILNADU SANITARY STORES
Address            :	NO 143,  KUTCHERY ROAD,  MYLAPORE  Chennai
                                    	CHENNAI
                                    	TAMILNADU-600004
                                    	India
Date               :                	1 Mar 2022
Account Number     :	_00000030976446269
Account Description:	CA-REGULAR-PUB-OTH-ALL-INR
Branch             :	SANTHOME
Drawing Power      :	0.00
Interest Rate(% p.a.):	0.0
MOD Balance      :	0.00
CIF No.          :	_85676868920
IFS Code         :	SBIN0040236
MICR Code        :	_600002332
Balance on 1 Feb 2022        :	5,50,791.50
Start Date          :	1 Feb 2022
End Date            :	28 Feb 2022
Txn Date	Value Date	Description	Ref No./Cheque No.	Branch Code	        Debit	Credit	Balance	
1 Feb 2022	1 Feb 2022	   CASH DEPOSIT-CASH DEPOSIT SELF--	 / 	40236	 	48,500.00	5,99,291.50
1 Feb 2022	1 Feb 2022	   BULK POSTING-CR_TAMILNADU SANITARY STO          05549442--	 / 	16899	 	27,020.90	6,26,312.40
1 Feb 2022	1 Feb 2022	   TO TRANSFER-INB Payment towards Invoice/Bill--	CTR0035928               TRANSFER TO 57002369188                           NELLAI CERAMIC CENTRE / 	99922	14,564.00	 	6,11,748.40
1 Feb 2022	1 Feb 2022	   TO TRANSFER-INB NEFT UTR NO: SBIN122032039315--Andavar Marketing PVT LTD	NEFT INB: CNABURYEF5                              TRANSFER TO 4899157044304 / Andavar Marketing PVT LTD	99922	14,090.00	 	5,97,658.40
1 Feb 2022	1 Feb 2022	   TO TRANSFER-INB NEFT UTR NO: SBIN122032045524--NOBEL TILES WORLD	NEFT INB: CNABURYFU9                              TRANSFER TO 4899157044304 / NOBEL TILES WORLD	99922	15,000.00	 	5,82,658.40
1 Feb 2022	1 Feb 2022	   TO TRANSFER-INB NEFT UTR NO: SBIN122032046346--K M CERAMICS	NEFT INB: CNABURYIP8                              TRANSFER TO 4899157044304 / K M CERAMICS	99922	3,550.00	 	5,79,108.40
1 Feb 2022	1 Feb 2022	   TO TRANSFER-INB NEFT UTR NO: SBIN122032048307--K M CERAMICS	NEFT INB: CNABURYKC6                              TRANSFER TO 4899157044304 / K M CERAMICS	99922	12,900.00	 	5,66,208.40
1 Feb 2022	1 Feb 2022	   TO TRANSFER-INB NEFT UTR NO: SBIN122032047703--ANCHOR DISTRIBUTION SYSTEMS	NEFT INB: CNABURYMI2                              TRANSFER TO 4899157044304 / ANCHOR DISTRIBUTION SYSTEMS	99922	11,948.00	 	5,54,260.40
1 Feb 2022	1 Feb 2022	   BY TRANSFER-UPI/CR/203243550310/K ANANDAN/UBIN/selvielect/mayl--	TRANSFER FROM 4693146162094 / 	40236	 	14,900.00	5,69,160.40
1 Feb 2022	1 Feb 2022	   TO TRANSFER-INB NEFT UTR NO: SBIN122032447903--PROVIDENT MARKETING	NEFT INB: CNABUSHKK3                              TRANSFER TO 4899157044304 / PROVIDENT MARKETING	99922	10,001.00	 	5,59,159.40
1 Feb 2022	1 Feb 2022	   TO TRANSFER-INB NEFT UTR NO: SBIN122032450639--Parmeeth Distributors	NEFT INB: CNABUSHLZ7                              TRANSFER TO 4899157044304 / Parmeeth Distributors	99922	1,416.00	 	5,57,743.40
1 Feb 2022	1 Feb 2022	   TO TRANSFER-INB NEFT UTR NO: SBIN122032452801--Annam Enterprises	NEFT INB: CNABUSHOF9                              TRANSFER TO 4899157044304 / Annam Enterprises	99922	9,108.00	 	5,48,635.40
1 Feb 2022	1 Feb 2022	   TO TRANSFER-INB NEFT UTR NO: SBIN122032456828--ASHOK SANITARYWARE	NEFT INB: CNABUSHOR5                              TRANSFER TO 4899157044304 / ASHOK SANITARYWARE	99922	2,230.00	 	5,46,405.40
1 Feb 2022	1 Feb 2022	   TO TRANSFER-INB NEFT UTR NO: SBIN122032459439--Shiv Shakti Agencies	NEFT INB: CNABUSHPO8                              TRANSFER TO 4899157044304 / Shiv Shakti Agencies	99922	3,060.00	 	5,43,345.40
1 Feb 2022	1 Feb 2022	   TO TRANSFER-INB NEFT UTR NO: SBIN122032461760--Shabbir Sanitary Stores	NEFT INB: CNABUSHRP2                              TRANSFER TO 4899157044304 / Shabbir Sanitary Stores	99922	10,724.00	 	5,32,621.40
1 Feb 2022	1 Feb 2022	   TO TRANSFER-INB NEFT UTR NO: SBIN122032465634--SHRI Venkateswar Agency	NEFT INB: CNABUSHVM6                              TRANSFER TO 4899157044304 / SHRI Venkateswar Agency	99922	5,205.00	 	5,27,416.40
1 Feb 2022	1 Feb 2022	   TO TRANSFER-INB NEFT UTR NO: SBIN122032467001--TRISHLA AGENCIES	NEFT INB: CNABUSHXL6                              TRANSFER TO 4899157044304 / TRISHLA AGENCIES	99922	2,445.00	 	5,24,971.40
1 Feb 2022	1 Feb 2022	   TO TRANSFER-INB NEFT UTR NO: SBIN122032467476--AJANTHA BATHROOM PRODUCTS AND PIPES	NEFT INB: CNABUSHWN4                              TRANSFER TO 4899157044304 / AJANTHA BATHROOM PRODUCTS AND PIPES	99922	13,247.00	 	5,11,724.40
1 Feb 2022	1 Feb 2022	   TO TRANSFER-INB NEFT UTR NO: SBIN122032471622--Sattar Sanitary Stores	NEFT INB: CNABUSIAA3                              TRANSFER TO 4899157044304 / Sattar Sanitary Stores	99922	9,162.00	 	5,02,562.40
1 Feb 2022	1 Feb 2022	   TO TRANSFER-INB NEFT UTR NO: SBIN122032473823--SRI SENI Enterprises	NEFT INB: CNABUSIAR7                              TRANSFER TO 4899157044304 / SRI SENI Enterprises	99922	4,714.00	 	4,97,848.40
2 Feb 2022	2 Feb 2022	TO CLEARING-TMB   VALLI STEEL INDUSTRIES PV--450477	 / 450477	10395	1,768.00	 	4,96,080.40
2 Feb 2022	2 Feb 2022	   BULK POSTING-CR_TAMILNADU SANITARY STO          05549442--	 / 	16899	 	4,478.67	5,00,559.07
3 Feb 2022	3 Feb 2022	   CASH DEPOSIT-CASH DEPOSIT SELF--	 / 	40236	 	62,500.00	5,63,059.07
3 Feb 2022	3 Feb 2022	   BULK POSTING-CR_TAMILNADU SANITARY STO          05549442--	 / 	16899	 	19,979.70	5,83,038.77
3 Feb 2022	3 Feb 2022	   BY TRANSFER-UPI/CR/203455137682/N RAMACH/ICIC/nramu1964@/tiles--	TRANSFER FROM 4693326162091 / 	40236	 	2,520.00	5,85,558.77
3 Feb 2022	3 Feb 2022	   TO TRANSFER-INB NEFT UTR NO: SBIN322034874369--NOBEL TILES WORLD	NEFT INB: CNABUUQBC9                              TRANSFER TO 4899157044304 / NOBEL TILES WORLD	99922	19,231.00	 	5,66,327.77
3 Feb 2022	3 Feb 2022	   TO TRANSFER-INB NEFT UTR NO: SBIN322034877780--NOBEL TILES WORLD	NEFT INB: CNABUUQDE5                              TRANSFER TO 4899157044304 / NOBEL TILES WORLD	99922	15,000.00	 	5,51,327.77
3 Feb 2022	3 Feb 2022	   TO TRANSFER-INB NEFT UTR NO: SBIN322034881274--Sri Ganapathy Enterprises	NEFT INB: CNABUUQFH7                              TRANSFER TO 4899157044304 / Sri Ganapathy Enterprises	99922	4,200.00	 	5,47,127.77
3 Feb 2022	3 Feb 2022	   TO TRANSFER-INB NEFT UTR NO: SBIN322034881701--VASSAVI TRADERS	NEFT INB: CNABUUQFU1                              TRANSFER TO 4899157044304 / VASSAVI TRADERS	99922	6,714.00	 	5,40,413.77
3 Feb 2022	3 Feb 2022	   TO TRANSFER-INB NEFT UTR NO: SBIN322034884170--AJANTHA BATHROOM PRODUCTS AND PIPES	NEFT INB: CNABUUQII2                              TRANSFER TO 4899157044304 / AJANTHA BATHROOM PRODUCTS AND PIPES	99922	14,387.00	 	5,26,026.77
3 Feb 2022	3 Feb 2022	   TO TRANSFER-INB NEFT UTR NO: SBIN422034310650--Mylapore Gardens Residents Associat	NEFT INB: CNABUUYKN1                              TRANSFER TO 4899157044304 / Mylapore Gardens Residents Associat	99922	4,000.00	 	5,22,026.77
4 Feb 2022	4 Feb 2022	   BY TRANSFER-UPI/CR/203573458757/N RAMACH/ICIC/nramu1964@/UPI--	TRANSFER FROM 5098594162091 / 	40236	 	470.00	5,22,496.77
5 Feb 2022	5 Feb 2022	TO CLEARING-KVB   THE TAMILNADU CERAMIC CE--450486	 / 450486	10395	1,140.00	 	5,21,356.77
5 Feb 2022	5 Feb 2022	   TO TRANSFER-INB NEFT UTR NO: SBIN522036729318--Andavar Marketing PVT LTD	NEFT INB: CNABUWGKZ6                              TRANSFER TO 4899157044304 / Andavar Marketing PVT LTD	99922	13,446.00	 	5,07,910.77
5 Feb 2022	5 Feb 2022	   TO TRANSFER-INB NEFT UTR NO: SBIN522036730451--D S Associates	NEFT INB: CNABUWGLH0                              TRANSFER TO 4899157044304 / D S Associates	99922	7,633.00	 	5,00,277.77
5 Feb 2022	5 Feb 2022	   TO TRANSFER-INB NEFT UTR NO: SBIN522036729024--D S Associates	NEFT INB: CNABUWGLM5                              TRANSFER TO 4899157044304 / D S Associates	99922	13,466.00	 	4,86,811.77
5 Feb 2022	5 Feb 2022	   TO TRANSFER-INB NEFT UTR NO: SBIN522036731322--D S Associates	NEFT INB: CNABUWGMK6                              TRANSFER TO 4899157044304 / D S Associates	99922	14,000.00	 	4,72,811.77
5 Feb 2022	5 Feb 2022	   TO TRANSFER-INB NEFT UTR NO: SBIN522036729236--SHYAMS ENTERPRISES	NEFT INB: CNABUWGMW0                              TRANSFER TO 4899157044304 / SHYAMS ENTERPRISES	99922	7,605.00	 	4,65,206.77
5 Feb 2022	5 Feb 2022	   TO TRANSFER-INB NEFT UTR NO: SBIN522036732081--SRI SENI Enterprises	NEFT INB: CNABUWGOR9                              TRANSFER TO 4899157044304 / SRI SENI Enterprises	99922	8,473.00	 	4,56,733.77
5 Feb 2022	5 Feb 2022	   TO TRANSFER-INB NEFT UTR NO: SBIN522036732372--SRI SENI Enterprises	NEFT INB: CNABUWGOD5                              TRANSFER TO 4899157044304 / SRI SENI Enterprises	99922	7,535.00	 	4,49,198.77
5 Feb 2022	5 Feb 2022	   TO TRANSFER-INB NEFT UTR NO: SBIN522036733063--Sattar Sanitary Stores	NEFT INB: CNABUWGOJ1                              TRANSFER TO 4899157044304 / Sattar Sanitary Stores	99922	10,054.00	 	4,39,144.77
5 Feb 2022	5 Feb 2022	   TO TRANSFER-INB NEFT UTR NO: SBIN522036732477--Sri Kesava Traders	NEFT INB: CNABUWGON9                              TRANSFER TO 4899157044304 / Sri Kesava Traders	99922	8,320.00	 	4,30,824.77
5 Feb 2022	5 Feb 2022	   TO TRANSFER-INB NEFT UTR NO: SBIN522036732546--Andavar Marketing PVT LTD	NEFT INB: CNABUWGRD9                              TRANSFER TO 4899157044304 / Andavar Marketing PVT LTD	99922	10,886.00	 	4,19,938.77
5 Feb 2022	5 Feb 2022	   CASH DEPOSIT-CASH DEPOSIT SELF--	 / 	40236	 	38,000.00	4,57,938.77
6 Feb 2022	6 Feb 2022	   TO TRANSFER-INB Payment towards Invoice/Bill--	CTR0772292               TRANSFER TO 32423647359                           ARAVIND CERAMICS PRIVA / 	99922	7,950.00	 	4,49,988.77
6 Feb 2022	6 Feb 2022	   TO TRANSFER-INB NEFT UTR NO: SBIN122037553666--NOBEL TILES WORLD	NEFT INB: CNABUXFKM9                              TRANSFER TO 4899157044304 / NOBEL TILES WORLD	99922	10,000.00	 	4,39,988.77
6 Feb 2022	6 Feb 2022	   TO TRANSFER-INB NEFT UTR NO: SBIN122037553046--AJANTHA BATHROOM PRODUCTS AND PIPES	NEFT INB: CNABUXFKO9                              TRANSFER TO 4899157044304 / AJANTHA BATHROOM PRODUCTS AND PIPES	99922	15,000.00	 	4,24,988.77
6 Feb 2022	6 Feb 2022	   TO TRANSFER-INB Salary Payment--	CTR0772650               TRANSFER TO 32950808735                           Mr. KASI  R / 	99922	17,000.00	 	4,07,988.77
6 Feb 2022	6 Feb 2022	   TO TRANSFER-INB NEFT UTR NO: SBIN122037554067--SHRI Venkateswar Agency	NEFT INB: CNABUXFKV7                              TRANSFER TO 4899157044304 / SHRI Venkateswar Agency	99922	7,000.00	 	4,00,988.77
6 Feb 2022	6 Feb 2022	   TO TRANSFER-INB Salary Payment--	CTR0772822               TRANSFER TO 31054735034                           Mr. NOUSHAD  ABDUL SAL / 	99922	14,500.00	 	3,86,488.77
7 Feb 2022	7 Feb 2022	   TO TRANSFER-INB--	14677923572CHI6291337               TRANSFER TO 4599557162091 / 	99922	2,099.22	 	3,84,389.55
7 Feb 2022	7 Feb 2022	   BULK POSTING-CR_TAMILNADU SANITARY STO          05549442--	 / 	16899	 	2,937.87	3,87,327.42
8 Feb 2022	8 Feb 2022	TO CLEARING-KVB   FRIENDLY SERVICES--450488	 / 450488	10395	2,829.00	 	3,84,498.42
8 Feb 2022	8 Feb 2022	   BULK POSTING-CR_TAMILNADU SANITARY STO          05549442--	 / 	16899	 	25,746.01	4,10,244.43
8 Feb 2022	8 Feb 2022	   TO TRANSFER-INB--	14683640561CHI6416613               TRANSFER TO 4599560162096 / 	99922	1,799.00	 	4,08,445.43
9 Feb 2022	9 Feb 2022	TO CLEARING-TMB   GOLDEN PHARMACY--450485	 / 450485	10395	1,699.00	 	4,06,746.43
9 Feb 2022	9 Feb 2022	   TO TRANSFER-INB NEFT UTR NO: SBIN422040850661--SHYAMS ENTERPRISES	NEFT INB: CNABVABCJ4                              TRANSFER TO 4899157044304 / SHYAMS ENTERPRISES	99922	2,333.00	 	4,04,413.43
9 Feb 2022	9 Feb 2022	   TO TRANSFER-INB NEFT UTR NO: SBIN422040854872--Sattar Sanitary Stores	NEFT INB: CNABVABCE8                              TRANSFER TO 4899157044304 / Sattar Sanitary Stores	99922	10,291.00	 	3,94,122.43
9 Feb 2022	9 Feb 2022	   CASH DEPOSIT-CASH DEPOSIT SELF--	 / 	40236	 	30,000.00	4,24,122.43
9 Feb 2022	9 Feb 2022	   TO TRANSFER-INB NEFT UTR NO: SBIN422040855189--MANGALAM SANITARY	NEFT INB: CNABVABED4                              TRANSFER TO 4899157044304 / MANGALAM SANITARY	99922	11,484.00	 	4,12,638.43
9 Feb 2022	9 Feb 2022	   TO TRANSFER-INB NEFT UTR NO: SBIN422040859474--PROVIDENT MARKETING	NEFT INB: CNABVABEM2                              TRANSFER TO 4899157044304 / PROVIDENT MARKETING	99922	10,000.00	 	4,02,638.43
9 Feb 2022	9 Feb 2022	   TO TRANSFER-INB NEFT UTR NO: SBIN422040865806--SRI SENI Enterprises	NEFT INB: CNABVABKH9                              TRANSFER TO 4899157044304 / SRI SENI Enterprises	99922	11,029.00	 	3,91,609.43
9 Feb 2022	9 Feb 2022	   BULK POSTING-CR_TAMILNADU SANITARY STO          05549442--	 / 	16899	 	1,429.34	3,93,038.77
9 Feb 2022	9 Feb 2022	   BY TRANSFER-INB IMPS204013910956/9841005511/XX0131/Inv5763TNS--	MAC000931695495          MAC000931695495          TRANSFER FROM 4897987162090 / 	99922	 	2,400.00	3,95,438.77
10 Feb 2022	10 Feb 2022	   CASH DEPOSIT-CASH DEPOSIT SELF--	 / 	40236	 	42,000.00	4,37,438.77
10 Feb 2022	10 Feb 2022	   TO TRANSFER-INB--	20220210340927021053CHI6557877               TRANSFER TO 4694619162091 / 	99922	1,296.82	 	4,36,141.95
10 Feb 2022	10 Feb 2022	   BULK POSTING-CR_TAMILNADU SANITARY STO          05549442--	 / 	16899	 	22,603.17	4,58,745.12
10 Feb 2022	10 Feb 2022	   TO TRANSFER-INB NEFT UTR NO: SBIN122041413784--NOBEL TILES WORLD	NEFT INB: CNABVBRPV6                              TRANSFER TO 4899157044304 / NOBEL TILES WORLD	99922	20,000.00	 	4,38,745.12
10 Feb 2022	10 Feb 2022	   TO TRANSFER-INB NEFT UTR NO: SBIN122041417423--D S Associates	NEFT INB: CNABVBRRU6                              TRANSFER TO 4899157044304 / D S Associates	99922	14,412.00	 	4,24,333.12
10 Feb 2022	10 Feb 2022	   TO TRANSFER-INB NEFT UTR NO: SBIN122041419360--AJANTHA BATHROOM PRODUCTS AND PIPES	NEFT INB: CNABVBRSQ9                              TRANSFER TO 4899157044304 / AJANTHA BATHROOM PRODUCTS AND PIPES	99922	15,000.00	 	4,09,333.12
11 Feb 2022	11 Feb 2022	   BULK POSTING-CR_TAMILNADU SANITARY STO          05549442--	 / 	16899	 	8,474.66	4,17,807.78
11 Feb 2022	11 Feb 2022	   BY TRANSFER-UPI/CR/204271297286/S SRIDHA/IOBA/sri.india@/Sridh--	TRANSFER FROM 5099149162093 / 	40236	 	1,140.00	4,18,947.78
11 Feb 2022	11 Feb 2022	BY CLEARING / CHEQUE-CBI   600016003-121589 600002332--121589	 / 121589	10395	 	8,490.00	4,27,437.78
11 Feb 2022	11 Feb 2022	   TO TRANSFER-INB NEFT UTR NO: SBIN222042660839--PIRANHA ENTERPRISES	NEFT INB: CNABVCWZE4                              TRANSFER TO 4899157044304 / PIRANHA ENTERPRISES	99922	1,496.00	 	4,25,941.78
12 Feb 2022	12 Feb 2022	   TO TRANSFER-INB NEFT UTR NO: SBIN322043352540--Andavar Marketing PVT LTD	NEFT INB: CNABVDTKO0                              TRANSFER TO 4899157044304 / Andavar Marketing PVT LTD	99922	1,040.00	 	4,24,901.78
12 Feb 2022	12 Feb 2022	   TO TRANSFER-INB NEFT UTR NO: SBIN322043352634--Andavar Marketing PVT LTD	NEFT INB: CNABVDTKT3                              TRANSFER TO 4899157044304 / Andavar Marketing PVT LTD	99922	7,615.00	 	4,17,286.78
12 Feb 2022	12 Feb 2022	   TO TRANSFER-INB NEFT UTR NO: SBIN322043352740--SHYAMS ENTERPRISES	NEFT INB: CNABVDTLW7                              TRANSFER TO 4899157044304 / SHYAMS ENTERPRISES	99922	6,616.00	 	4,10,670.78
12 Feb 2022	12 Feb 2022	   TO TRANSFER-INB NEFT UTR NO: SBIN322043354295--D S Associates	NEFT INB: CNABVDTMF3                              TRANSFER TO 4899157044304 / D S Associates	99922	12,008.00	 	3,98,662.78
12 Feb 2022	12 Feb 2022	   TO TRANSFER-INB NEFT UTR NO: SBIN322043353497--SHYAMS ENTERPRISES	NEFT INB: CNABVDTMJ0                              TRANSFER TO 4899157044304 / SHYAMS ENTERPRISES	99922	611.00	 	3,98,051.78
12 Feb 2022	12 Feb 2022	   TO TRANSFER-INB NEFT UTR NO: SBIN322043353939--SRI SENI Enterprises	NEFT INB: CNABVDTMM6                              TRANSFER TO 4899157044304 / SRI SENI Enterprises	99922	13,000.00	 	3,85,051.78
12 Feb 2022	12 Feb 2022	   TO TRANSFER-INB NEFT UTR NO: SBIN322043354529--MANGALAM SANITARY	NEFT INB: CNABVDTOD8                              TRANSFER TO 4899157044304 / MANGALAM SANITARY	99922	4,362.00	 	3,80,689.78
12 Feb 2022	12 Feb 2022	   BY TRANSFER-NEFT*KKBK0000958*KKBKH22043872827*MADAN SURGICAL C--	TRANSFER FROM 3199416044303 / 	4430	 	19,500.00	4,00,189.78
13 Feb 2022	13 Feb 2022	   BY TRANSFER-INB IMPS204412081495/9884816707/XX3270/Bill Payme--	MAD000058647359          MAD000058647359          TRANSFER FROM 4597962162096 / 	99922	 	12,960.00	4,13,149.78
14 Feb 2022	14 Feb 2022	CHEQUE WDL-CHEQUE TRANSFER TO--450483	TRANSFER FROM 32818937606                         GOLDEN HARDWARE CENTRE / 450483	40236	2,890.00	 	4,10,259.78
14 Feb 2022	14 Feb 2022	   CASH DEPOSIT-CASH DEPOSIT SELF--	 / 	40236	 	68,500.00	4,78,759.78
14 Feb 2022	14 Feb 2022	CHEQUE DEPOSIT---888977	TRANSFER TO 10661524564                           Mrs. RAJESWARI  VISWAN / 888977	40236	 	2,250.00	4,81,009.78
14 Feb 2022	14 Feb 2022	   BULK POSTING-CR_TAMILNADU SANITARY STO          05549442--	 / 	16899	 	26,699.87	5,07,709.65
14 Feb 2022	14 Feb 2022	   BULK POSTING-CR_TAMILNADU SANITARY STO          05549442--	 / 	16899	 	9,647.69	5,17,357.34
15 Feb 2022	15 Feb 2022	BY CLEARING / CHEQUE-IOB   600020028-909475 600002332--909475	 / 909475	10395	 	3,650.00	5,21,007.34
15 Feb 2022	15 Feb 2022	   TO TRANSFER-INB NEFT UTR NO: SBIN522046839276--NOBEL TILES WORLD	NEFT INB: CNABVGPCU5                              TRANSFER TO 4899157044304 / NOBEL TILES WORLD	99922	1,250.00	 	5,19,757.34
15 Feb 2022	15 Feb 2022	   TO TRANSFER-INB NEFT UTR NO: SBIN522046837845--NOBEL TILES WORLD	NEFT INB: CNABVGPEV6                              TRANSFER TO 4899157044304 / NOBEL TILES WORLD	99922	30,000.00	 	4,89,757.34
15 Feb 2022	15 Feb 2022	   TO TRANSFER-INB NEFT UTR NO: SBIN522046844162--AJANTHA BATHROOM PRODUCTS AND PIPES	NEFT INB: CNABVGPFY8                              TRANSFER TO 4899157044304 / AJANTHA BATHROOM PRODUCTS AND PIPES	99922	1,287.00	 	4,88,470.34
15 Feb 2022	15 Feb 2022	   TO TRANSFER-INB NEFT UTR NO: SBIN522046849334--AJANTHA BATHROOM PRODUCTS AND PIPES	NEFT INB: CNABVGPIA0                              TRANSFER TO 4899157044304 / AJANTHA BATHROOM PRODUCTS AND PIPES	99922	15,597.00	 	4,72,873.34
15 Feb 2022	15 Feb 2022	   TO TRANSFER-INB NEFT UTR NO: SBIN522046852445--VASSAVI TRADERS	NEFT INB: CNABVGPKB9                              TRANSFER TO 4899157044304 / VASSAVI TRADERS	99922	842.00	 	4,72,031.34
15 Feb 2022	15 Feb 2022	   TO TRANSFER-INB NEFT UTR NO: SBIN522046856653--D S Associates	NEFT INB: CNABVGPKR7                              TRANSFER TO 4899157044304 / D S Associates	99922	15,880.00	 	4,56,151.34
15 Feb 2022	15 Feb 2022	   TO TRANSFER-INB NEFT UTR NO: SBIN522046860207--SRI SENI Enterprises	NEFT INB: CNABVGPMC6                              TRANSFER TO 4899157044304 / SRI SENI Enterprises	99922	7,000.00	 	4,49,151.34
15 Feb 2022	15 Feb 2022	   TO TRANSFER-INB NEFT UTR NO: SBIN522046864922--Parmeeth Distributors	NEFT INB: CNABVGPPA2                              TRANSFER TO 4899157044304 / Parmeeth Distributors	99922	2,500.00	 	4,46,651.34
16 Feb 2022	16 Feb 2022	   CASH DEPOSIT-CASH DEPOSIT SELF--	 / 	40236	 	70,000.00	5,16,651.34
16 Feb 2022	16 Feb 2022	   BULK POSTING-CR_TAMILNADU SANITARY STO          05549442--	 / 	16899	 	34,080.00	5,50,731.34
16 Feb 2022	16 Feb 2022	   BY TRANSFER-NEFT*DBSS0IN0811*0811OP2102338951*CHEMPLAST SANMAR--	TRANSFER FROM 3199676044305 / 	4430	 	530.00	5,51,261.34
16 Feb 2022	16 Feb 2022	   TO TRANSFER-INB Payment towards Invoice/Bill--	CTR2287114               TRANSFER TO 57002369188                           NELLAI CERAMIC CENTRE / 	99922	5,629.00	 	5,45,632.34
16 Feb 2022	16 Feb 2022	   TO TRANSFER-INB Payment towards Invoice/Bill--	CTR2287145               TRANSFER TO 32423647359                           ARAVIND CERAMICS PRIVA / 	99922	3,520.00	 	5,42,112.34
16 Feb 2022	16 Feb 2022	   TO TRANSFER-INB NEFT UTR NO: SBIN222047570596--NOBEL TILES WORLD	NEFT INB: CNABVHYSY8                              TRANSFER TO 4899157044304 / NOBEL TILES WORLD	99922	13,774.00	 	5,28,338.34
16 Feb 2022	16 Feb 2022	   TO TRANSFER-INB NEFT UTR NO: SBIN222047571967--NOBEL TILES WORLD	NEFT INB: CNABVHYTF0                              TRANSFER TO 4899157044304 / NOBEL TILES WORLD	99922	958.00	 	5,27,380.34
16 Feb 2022	16 Feb 2022	   TO TRANSFER-INB NEFT UTR NO: SBIN222047573313--NOBEL TILES WORLD	NEFT INB: CNABVHYVA8                              TRANSFER TO 4899157044304 / NOBEL TILES WORLD	99922	16,587.00	 	5,10,793.34
16 Feb 2022	16 Feb 2022	   TO TRANSFER-INB NEFT UTR NO: SBIN222047574120--Rahman Sanitary and Tiles	NEFT INB: CNABVHYVL1                              TRANSFER TO 4899157044304 / Rahman Sanitary and Tiles	99922	8,000.00	 	5,02,793.34
16 Feb 2022	16 Feb 2022	   TO TRANSFER-INB NEFT UTR NO: SBIN222047577249--Rahman Sanitary and Tiles	NEFT INB: CNABVHYXF5                              TRANSFER TO 4899157044304 / Rahman Sanitary and Tiles	99922	1,634.00	 	5,01,159.34
16 Feb 2022	16 Feb 2022	   TO TRANSFER-INB NEFT UTR NO: SBIN222047578751--Sattar Sanitary Stores	NEFT INB: CNABVHYXM6                              TRANSFER TO 4899157044304 / Sattar Sanitary Stores	99922	23,407.00	 	4,77,752.34
16 Feb 2022	16 Feb 2022	   TO TRANSFER-INB NEFT UTR NO: SBIN222047578410--Sattar Sanitary Stores	NEFT INB: CNABVHYXB8                              TRANSFER TO 4899157044304 / Sattar Sanitary Stores	99922	2,457.00	 	4,75,295.34
16 Feb 2022	16 Feb 2022	   TO TRANSFER-INB NEFT UTR NO: SBIN222047580724--Andavar Marketing PVT LTD	NEFT INB: CNABVHYYJ8                              TRANSFER TO 4899157044304 / Andavar Marketing PVT LTD	99922	25,000.00	 	4,50,295.34
17 Feb 2022	17 Feb 2022	TO CLEARING-KVB   FRIENDLY SERVICES--450489	 / 450489	10395	1,308.00	 	4,48,987.34
17 Feb 2022	17 Feb 2022	   BULK POSTING-CR_TAMILNADU SANITARY STO          05549442--	 / 	16899	 	1,439.13	4,50,426.47
18 Feb 2022	18 Feb 2022	   CASH DEPOSIT-CASH DEPOSIT SELF--	 / 	40236	 	65,000.00	5,15,426.47
18 Feb 2022	18 Feb 2022	   BULK POSTING-CR_TAMILNADU SANITARY STO          05549442--	 / 	16899	 	17,700.00	5,33,126.47
18 Feb 2022	18 Feb 2022	   BY TRANSFER-UPI/CR/204960974398/VIJAYALA/HDFC/vijayakris/UPI--	TRANSFER FROM 5098582162095 / 	40236	 	10,350.00	5,43,476.47
18 Feb 2022	18 Feb 2022	   BY TRANSFER-INB IMPS204916094597/9884816707/XX3270/NA--	MAC000936962299          MAC000936962299          TRANSFER FROM 4898013162091 / 	99922	 	831.00	5,44,307.47
18 Feb 2022	18 Feb 2022	   BY TRANSFER-INB IMPS204916096127/9884816707/XX3270/NA--	MAB000962205187          MAB000962205187          TRANSFER FROM 4898018162096 / 	99922	 	831.00	5,45,138.47
18 Feb 2022	18 Feb 2022	   BY TRANSFER-UPI/CR/204986140552/JAISHANK/UTIB/7338906205/Test--	TRANSFER FROM 4693499162091 / 	1	 	1.00	5,45,139.47
18 Feb 2022	18 Feb 2022	   BY TRANSFER-UPI/CR/204909946241/JAISHANK/UTIB/7338906205/Tamil--	TRANSFER FROM 4693507162095 / 	1	 	2,950.00	5,48,089.47
19 Feb 2022	19 Feb 2022	   TO TRANSFER-INB NEFT UTR NO: SBIN522050465318--G K Trading Company	NEFT INB: CNABVKFSO4                              TRANSFER TO 4899157044304 / G K Trading Company	99922	4,632.00	 	5,43,457.47
19 Feb 2022	19 Feb 2022	   TO TRANSFER-INB--	22023300316274CKS8835158               TRANSFER TO 36959659728                           POOLING ACCOUNT GST-MM / 	99922	22,828.00	 	5,20,629.47
19 Feb 2022	19 Feb 2022	   TO TRANSFER-INB NEFT UTR NO: SBIN522050991957--ANCHOR DISTRIBUTION SYSTEMS	NEFT INB: CNABVKTJP2                              TRANSFER TO 4899157044304 / ANCHOR DISTRIBUTION SYSTEMS	99922	10,000.00	 	5,10,629.47
19 Feb 2022	19 Feb 2022	   TO TRANSFER-INB NEFT UTR NO: SBIN522050992169--K M CERAMICS	NEFT INB: CNABVKTKZ6                              TRANSFER TO 4899157044304 / K M CERAMICS	99922	10,000.00	 	5,00,629.47
19 Feb 2022	19 Feb 2022	   TO TRANSFER-INB NEFT UTR NO: SBIN522050994849--Shri Krishna Enterprises	NEFT INB: CNABVKTMX1                              TRANSFER TO 4899157044304 / Shri Krishna Enterprises	99922	9,104.00	 	4,91,525.47
19 Feb 2022	19 Feb 2022	   TO TRANSFER-INB NEFT UTR NO: SBIN522050994091--GUPTA SALES CORPORATION	NEFT INB: CNABVKTND1                              TRANSFER TO 4899157044304 / GUPTA SALES CORPORATION	99922	9,270.00	 	4,82,255.47
19 Feb 2022	19 Feb 2022	   TO TRANSFER-INB NEFT UTR NO: SBIN522050994329--D S Associates	NEFT INB: CNABVKTPE0                              TRANSFER TO 4899157044304 / D S Associates	99922	1,232.00	 	4,81,023.47
19 Feb 2022	19 Feb 2022	   TO TRANSFER-INB NEFT UTR NO: SBIN522050996720--D S Associates	NEFT INB: CNABVKTPL9                              TRANSFER TO 4899157044304 / D S Associates	99922	23,357.00	 	4,57,666.47
19 Feb 2022	19 Feb 2022	   TO TRANSFER-INB NEFT UTR NO: SBIN522050997859--Sattar Sanitary Stores	NEFT INB: CNABVKTQC8                              TRANSFER TO 4899157044304 / Sattar Sanitary Stores	99922	12,114.00	 	4,45,552.47
19 Feb 2022	19 Feb 2022	   TO TRANSFER-INB NEFT UTR NO: SBIN522050998259--SRI SENI Enterprises	NEFT INB: CNABVKTRQ8                              TRANSFER TO 4899157044304 / SRI SENI Enterprises	99922	14,500.00	 	4,31,052.47
19 Feb 2022	19 Feb 2022	   TO TRANSFER-INB NEFT UTR NO: SBIN522050998625--SHYAMS ENTERPRISES	NEFT INB: CNABVKTSA1                              TRANSFER TO 4899157044304 / SHYAMS ENTERPRISES	99922	3,667.00	 	4,27,385.47
20 Feb 2022	20 Feb 2022	   BY TRANSFER-UPI/CR/205197730218/VIJAYALA/HDFC/vijayakris/UPI--	TRANSFER FROM 5099259162097 / 	40236	 	1,580.00	4,28,965.47
21 Feb 2022	21 Feb 2022	   BULK POSTING-CR_TAMILNADU SANITARY STO          05549442--	 / 	16899	 	1,419.55	4,30,385.02
21 Feb 2022	21 Feb 2022	CHEQUE WDL-CHEQUE TRANSFER TO--250718	TRANSFER FROM 32818937606                         GOLDEN HARDWARE CENTRE / 250718	40236	1,020.00	 	4,29,365.02
21 Feb 2022	21 Feb 2022	   BULK POSTING-CR_TAMILNADU SANITARY STO          05549442--	 / 	16899	 	20,218.19	4,49,583.21
21 Feb 2022	21 Feb 2022	   BULK POSTING-CR_TAMILNADU SANITARY STO          05549442--	 / 	16899	 	13,542.03	4,63,125.24
21 Feb 2022	21 Feb 2022	   CASH DEPOSIT-CASH DEPOSIT SELF--	 / 	40236	 	56,500.00	5,19,625.24
22 Feb 2022	22 Feb 2022	TO CLEARING-CIT   NEW INDIA ASSURANCE CHEN--250717	 / 250717	10395	1,310.00	 	5,18,315.24
22 Feb 2022	22 Feb 2022	   BULK POSTING-CR_TAMILNADU SANITARY STO          05549442--	 / 	16899	 	48,789.24	5,67,104.48
22 Feb 2022	22 Feb 2022	BY CLEARING / CHEQUE-HDF   600240002-000122 600002332--122	 / 122	10395	 	20,870.00	5,87,974.48
22 Feb 2022	22 Feb 2022	   BY TRANSFER-UPI/CR/205311460136/N RAMACH/ICIC/nramu1964@/jaqua--	TRANSFER FROM 5098900162096 / 	40236	 	1,800.00	5,89,774.48
22 Feb 2022	22 Feb 2022	   TO TRANSFER-INB NEFT UTR NO: SBIN222053898646--Andavar Marketing PVT LTD	NEFT INB: CNABVMYXE7                              TRANSFER TO 4899157044304 / Andavar Marketing PVT LTD	99922	12,296.00	 	5,77,478.48
22 Feb 2022	22 Feb 2022	   TO TRANSFER-INB NEFT UTR NO: SBIN222053903780--Andavar Marketing PVT LTD	NEFT INB: CNABVMYYN5                              TRANSFER TO 4899157044304 / Andavar Marketing PVT LTD	99922	7,362.00	 	5,70,116.48
22 Feb 2022	22 Feb 2022	   TO TRANSFER-INB NEFT UTR NO: SBIN222053938990--Andavar Marketing PVT LTD	NEFT INB: CNABVMZTB0                              TRANSFER TO 4899157044304 / Andavar Marketing PVT LTD	99922	17,911.00	 	5,52,205.48
22 Feb 2022	22 Feb 2022	   TO TRANSFER-INB NEFT UTR NO: SBIN222053937856--Andavar Marketing PVT LTD	NEFT INB: CNABVMZTN0                              TRANSFER TO 4899157044304 / Andavar Marketing PVT LTD	99922	7,020.00	 	5,45,185.48
22 Feb 2022	22 Feb 2022	   TO TRANSFER-INB NEFT UTR NO: SBIN222053942770--Andavar Marketing PVT LTD	NEFT INB: CNABVMZVI3                              TRANSFER TO 4899157044304 / Andavar Marketing PVT LTD	99922	8,311.00	 	5,36,874.48
23 Feb 2022	23 Feb 2022	BY CLEARING / CHEQUE-CBI   600016003-187463 600002332--187463	 / 187463	10395	 	2,660.00	5,39,534.48
24 Feb 2022	24 Feb 2022	TO CLEARING-CAB   SE CEDC CENTRAL TANGEDCO--250719	 / 250719	10395	2,890.00	 	5,36,644.48
24 Feb 2022	24 Feb 2022	TO CLEARING-CAB   SE CEDC CENTRAL TANGEDCO--450487	 / 450487	10395	2,569.00	 	5,34,075.48
24 Feb 2022	24 Feb 2022	   CASH DEPOSIT-CASH DEPOSIT SELF--	 / 	40236	 	52,000.00	5,86,075.48
24 Feb 2022	24 Feb 2022	CASH HANDLING CHARGES---38976288	 / 38976288	40236	59.00	 	5,86,016.48
24 Feb 2022	24 Feb 2022	   BULK POSTING-CR_TAMILNADU SANITARY STO          05549442--	 / 	16899	 	19,459.23	6,05,475.71
24 Feb 2022	24 Feb 2022	   BULK POSTING-CR_TAMILNADU SANITARY STO          05549442--	 / 	16899	 	22,245.11	6,27,720.82
25 Feb 2022	25 Feb 2022	CHEQUE WDL-CHEQUE TRANSFER TO--250720	TRANSFER FROM 31547097771                         KHUZEMA MAMUWALA AND C / 250720	40236	8,088.00	 	6,19,632.82
25 Feb 2022	25 Feb 2022	CHEQUE WDL-CHEQUE TRANSFER TO--250716	TRANSFER FROM 32818937606                         GOLDEN HARDWARE CENTRE / 250716	40236	602.00	 	6,19,030.82
25 Feb 2022	25 Feb 2022	   TO TRANSFER-INB NEFT UTR NO: SBIN122056291699--AIM TECH VIKING	NEFT INB: CNABVPZKX7                              TRANSFER TO 4899157044304 / AIM TECH VIKING	99922	10,000.00	 	6,09,030.82
25 Feb 2022	25 Feb 2022	   TO TRANSFER-INB NEFT UTR NO: SBIN122056293064--Superflo private limited	NEFT INB: CNABVPZNF5                              TRANSFER TO 4899157044304 / Superflo private limited	99922	8,000.00	 	6,01,030.82
25 Feb 2022	25 Feb 2022	   TO TRANSFER-INB NEFT UTR NO: SBIN122056297738--PROVIDENT MARKETING	NEFT INB: CNABVPZNT4                              TRANSFER TO 4899157044304 / PROVIDENT MARKETING	99922	3,000.00	 	5,98,030.82
25 Feb 2022	25 Feb 2022	   TO TRANSFER-INB NEFT UTR NO: SBIN122056305105--Parmeeth Distributors	NEFT INB: CNABVPZSC6                              TRANSFER TO 4899157044304 / Parmeeth Distributors	99922	2,758.00	 	5,95,272.82
25 Feb 2022	25 Feb 2022	   TO TRANSFER-INB NEFT UTR NO: SBIN122056304722--MANGALAM SANITARY	NEFT INB: CNABVPZSX9                              TRANSFER TO 4899157044304 / MANGALAM SANITARY	99922	8,486.00	 	5,86,786.82
25 Feb 2022	25 Feb 2022	   TO TRANSFER-INB NEFT UTR NO: SBIN122056309091--SRI SENI Enterprises	NEFT INB: CNABVPZUY6                              TRANSFER TO 4899157044304 / SRI SENI Enterprises	99922	6,354.00	 	5,80,432.82
25 Feb 2022	25 Feb 2022	   TO TRANSFER-INB NEFT UTR NO: SBIN122056317244--Shabbir Sanitary Stores	NEFT INB: CNABVPZXC5                              TRANSFER TO 4899157044304 / Shabbir Sanitary Stores	99922	11,000.00	 	5,69,432.82
25 Feb 2022	25 Feb 2022	   TO TRANSFER-INB NEFT UTR NO: SBIN122056319830--MANGALAM SANITARY	NEFT INB: CNABVPZXP8                              TRANSFER TO 4899157044304 / MANGALAM SANITARY	99922	6,254.00	 	5,63,178.82
26 Feb 2022	26 Feb 2022	   TO TRANSFER-INB NEFT UTR NO: SBIN122057770552--AJANTHA BATHROOM PRODUCTS AND PIPES	NEFT INB: CNABVQLLE7                              TRANSFER TO 4899157044304 / AJANTHA BATHROOM PRODUCTS AND PIPES	99922	15,732.00	 	5,47,446.82
26 Feb 2022	26 Feb 2022	   TO TRANSFER-INB NEFT UTR NO: SBIN122057771856--NOBEL TILES WORLD	NEFT INB: CNABVQLLL4                              TRANSFER TO 4899157044304 / NOBEL TILES WORLD	99922	21,258.00	 	5,26,188.82
26 Feb 2022	26 Feb 2022	   TO TRANSFER-INB NEFT UTR NO: SBIN122057771519--VASSAVI TRADERS	NEFT INB: CNABVQLLR1                              TRANSFER TO 4899157044304 / VASSAVI TRADERS	99922	3,211.00	 	5,22,977.82
26 Feb 2022	26 Feb 2022	   TO TRANSFER-INB NEFT UTR NO: SBIN122057772014--TRISHLA CORPORATION	NEFT INB: CNABVQLNK6                              TRANSFER TO 4899157044304 / TRISHLA CORPORATION	99922	7,749.00	 	5,15,228.82
26 Feb 2022	26 Feb 2022	   TO TRANSFER-INB NEFT UTR NO: SBIN122057772326--TRISHLA AGENCIES	NEFT INB: CNABVQLNO7                              TRANSFER TO 4899157044304 / TRISHLA AGENCIES	99922	5,472.00	 	5,09,756.82
26 Feb 2022	26 Feb 2022	   TO TRANSFER-INB NEFT UTR NO: SBIN122057773259--Andavar Marketing PVT LTD	NEFT INB: CNABVQLNW5                              TRANSFER TO 4899157044304 / Andavar Marketing PVT LTD	99922	13,636.00	 	4,96,120.82
26 Feb 2022	26 Feb 2022	   TO TRANSFER-INB NEFT UTR NO: SBIN122057773335--Andavar Marketing PVT LTD	NEFT INB: CNABVQLOR3                              TRANSFER TO 4899157044304 / Andavar Marketing PVT LTD	99922	50.00	 	4,96,070.82
26 Feb 2022	26 Feb 2022	   TO TRANSFER-INB NEFT UTR NO: SBIN122057773794--Andavar Marketing PVT LTD	NEFT INB: CNABVQLPW4                              TRANSFER TO 4899157044304 / Andavar Marketing PVT LTD	99922	15,000.00	 	4,81,070.82
26 Feb 2022	26 Feb 2022	   TO TRANSFER-INB NEFT UTR NO: SBIN122057773887--ARUNKUMAR MANOHARAN	NEFT INB: CNABVQLQS9                              TRANSFER TO 4899157044304 / ARUNKUMAR MANOHARAN	99922	5,000.00	 	4,76,070.82
26 Feb 2022	26 Feb 2022	   TO TRANSFER-INB NEFT UTR NO: SBIN122057772715--ANCHOR DISTRIBUTION SYSTEMS	NEFT INB: CNABVQLQY3                              TRANSFER TO 4899157044304 / ANCHOR DISTRIBUTION SYSTEMS	99922	8,076.00	 	4,67,994.82
26 Feb 2022	26 Feb 2022	   TO TRANSFER-INB NEFT UTR NO: SBIN122057774463--K M CERAMICS	NEFT INB: CNABVQLRF9                              TRANSFER TO 4899157044304 / K M CERAMICS	99922	3,000.00	 	4,64,994.82
26 Feb 2022	26 Feb 2022	   TO TRANSFER-INB NEFT UTR NO: SBIN122057774148--Shiv Shakti Agencies	NEFT INB: CNABVQLSH1                              TRANSFER TO 4899157044304 / Shiv Shakti Agencies	99922	6,419.00	 	4,58,575.82
26 Feb 2022	26 Feb 2022	   TO TRANSFER-INB NEFT UTR NO: SBIN122057783308--Sattar Sanitary Stores	NEFT INB: CNABVQMAK1                              TRANSFER TO 4899157044304 / Sattar Sanitary Stores	99922	10,054.00	 	4,48,521.82
26 Feb 2022	26 Feb 2022	   TO TRANSFER-INB NEFT UTR NO: SBIN122057782977--D S Associates	NEFT INB: CNABVQMCX2                              TRANSFER TO 4899157044304 / D S Associates	99922	25,467.00	 	4,23,054.82
26 Feb 2022	26 Feb 2022	   BY TRANSFER-INB Towards Inv No 5833--	IT00KICMY5               TRANSFER FROM 33036597114                         Mr. PAHLAJRAI  RAHEJA / 	99922	 	500.00	4,23,554.82
26 Feb 2022	26 Feb 2022	   BY TRANSFER-INB Inv No 5833--	IT00KICRR4               TRANSFER FROM 33036597114                         Mr. PAHLAJRAI  RAHEJA / 	99922	 	5,090.00	4,28,644.82
26 Feb 2022	26 Feb 2022	   BULK POSTING-CR_TAMILNADU SANITARY STO          05549442--	 / 	16899	 	14,628.30	4,43,273.12
28 Feb 2022	28 Feb 2022	   CASH DEPOSIT-CASH DEPOSIT SELF--	 / 	40236	 	1,32,000.00	5,75,273.12
28 Feb 2022	28 Feb 2022	CASH HANDLING CHARGES---38976288	 / 38976288	40236	116.82	 	5,75,156.30
28 Feb 2022	28 Feb 2022	   BULK POSTING-CR_TAMILNADU SANITARY STO          05549442--	 / 	16899	 	4,645.77	5,79,802.07
28 Feb 2022	28 Feb 2022	   BULK POSTING-CR_TAMILNADU SANITARY STO          05549442--	 / 	16899	 	9,752.20	5,89,554.27
28 Feb 2022	28 Feb 2022	   BY TRANSFER-UPI/CR/205938078351/MUKUND R/HDFC/mukundragh/UPI--	TRANSFER FROM 4693041162092 / 	40236	 	8,650.00	5,98,204.27

**This is a computer generated statement and does not require a signature