Account Name       :                	TAMILNADU SANITARY STORES						
Address            :	"NO 143,  KUTCHERY ROAD,  MYLAPORE  Chennai"						
                                    	CHENNAI						
                                    	TAMILNADU-600004						
                                    	India						
Date               :                	14-Aug-21						
Account Number     :	_00000030976446269						
Account Description:	CA-REGULAR-PUB-OTH-ALL-INR						
Branch             :	SANTHOME						
Drawing Power      :	0						
Interest Rate(% p.a.):	0						
MOD Balance      :	0						
CIF No.          :	_85676868920						
IFS Code         :	SBIN0040236						
MICR Code        :	_600002332						
Balance on 1 Jul 2021        :	"8,77,605.32"						
Start Date          :	01-Jul-21						
End Date            :	31-Jul-21						
Txn Date	Value Date	Description	Ref No./Cheque No.	Branch Code	        Debit	Credit	Balance
01-Jul-21	01-Jul-21	TO CLEARING-YES   SHABBIR SANITARY STORES--555458	 / 555458	10395	"10,325.00"	 	"8,67,280.32"
01-Jul-21	01-Jul-21	TO CLEARING-HDF   TNEB   FORESHORE ESTATE--555459	 / 555459	10395	"5,476.00"	 	"8,61,804.32"
01-Jul-21	01-Jul-21	   BULK POSTING-CR_TAMILNADU SANITARY STO             05548442  30--	 / 	16899	 	"11,917.51"	"8,73,721.83"
01-Jul-21	01-Jul-21	   BULK POSTING-CR_TAMILNADU SANITARY STO             05549442  30--	 / 	16899	 	"5,265.61"	"8,78,987.44"
01-Jul-21	01-Jul-21	BY CLEARING / CHEQUE-BOM   600014004-100987 600002332--100987	 / 100987	10395	 	"19,100.00"	"8,98,087.44"
01-Jul-21	01-Jul-21	   BY TRANSFER-INB IMPS118217491396/9840761341/XX6292/Deposit--	MAC000767289416          MAC000767289416          TRANSFER FROM 4897999162096 / 	99922	 	"10,000.00"	"9,08,087.44"
02-Jul-21	02-Jul-21	   BY TRANSFER-INB IMPS118308507071/9840761341/XX6292/Deposit--	MAA000805348786          MAA000805348786          TRANSFER FROM 4898014162090 / 	99922	 	"10,000.00"	"9,18,087.44"
02-Jul-21	02-Jul-21	   CSH DEP (CDM)-9092052786--	 / 	4292	 	"26,500.00"	"9,44,587.44"
02-Jul-21	02-Jul-21	   BULK POSTING-CR_TAMILNADU SANITARY STO             05548442  01--	 / 	16899	 	"2,912.70"	"9,47,500.14"
02-Jul-21	02-Jul-21	   BULK POSTING-CR_TAMILNADU SANITARY STO             05549442  01--	 / 	16899	 	"35,387.60"	"9,82,887.74"
02-Jul-21	02-Jul-21	   CSH DEP (CDM)-9092052786--	 / 	4292	 	"4,500.00"	"9,87,387.74"
02-Jul-21	02-Jul-21	   BY TRANSFER-UPI/CR/118384501771/SUFIYAN /ICIC/9003121847/Due a--	TRANSFER FROM 4693421162092 / 	40236	 	"2,050.00"	"9,89,437.74"
03-Jul-21	03-Jul-21	   TO TRANSFER-INB NEFT UTR NO: SBIN421184403140--Andavar Marketing PVT LTD	NEFT INB: CNABNDFCK4                              TRANSFER TO 3197944044306 / Andavar Marketing PVT LTD	99922	"3,935.00"	 	"9,85,502.74"
03-Jul-21	03-Jul-21	   TO TRANSFER-INB NEFT UTR NO: SBIN421184404162--Sattar Sanitary Stores	NEFT INB: CNABNDFEH5                              TRANSFER TO 3197944044306 / Sattar Sanitary Stores	99922	"12,312.00"	 	"9,73,190.74"
03-Jul-21	03-Jul-21	   TO TRANSFER-INB NEFT UTR NO: SBIN421184406601--D S Associates	NEFT INB: CNABNDFDI2                              TRANSFER TO 3197944044306 / D S Associates	99922	"24,646.00"	 	"9,48,544.74"
03-Jul-21	03-Jul-21	   TO TRANSFER-INB NEFT UTR NO: SBIN421184407593--MANGALAM SANITARY	NEFT INB: CNABNDFFG7                              TRANSFER TO 3197944044306 / MANGALAM SANITARY	99922	"9,919.00"	 	"9,38,625.74"
03-Jul-21	03-Jul-21	   TO TRANSFER-INB NEFT UTR NO: SBIN421184401967--Shri Krishna Enterprises	NEFT INB: CNABNDFGF6                              TRANSFER TO 3197944044306 / Shri Krishna Enterprises	99922	"5,281.00"	 	"9,33,344.74"
03-Jul-21	03-Jul-21	   TO TRANSFER-INB NEFT UTR NO: SBIN421184410603--Lakshmi Hayagrivaa Maarketing	NEFT INB: CNABNDFIB7                              TRANSFER TO 3197944044306 / Lakshmi Hayagrivaa Maarketing	99922	"5,000.00"	 	"9,28,344.74"
03-Jul-21	03-Jul-21	   TO TRANSFER-INB NEFT UTR NO: SBIN421184410864--NOBEL TILES WORLD	NEFT INB: CNABNDFHW7                              TRANSFER TO 3197944044306 / NOBEL TILES WORLD	99922	"12,000.00"	 	"9,16,344.74"
03-Jul-21	03-Jul-21	   TO TRANSFER-INB NEFT UTR NO: SBIN421184413257--K M CERAMICS	NEFT INB: CNABNDFIQ0                              TRANSFER TO 3197944044306 / K M CERAMICS	99922	"9,500.00"	 	"9,06,844.74"
03-Jul-21	03-Jul-21	   TO TRANSFER-INB NEFT UTR NO: SBIN421184414724--NOBEL TILES WORLD	NEFT INB: CNABNDFMM4                              TRANSFER TO 3197944044306 / NOBEL TILES WORLD	99922	"13,645.00"	 	"8,93,199.74"
03-Jul-21	03-Jul-21	   TO TRANSFER-INB NEFT UTR NO: SBIN421184459847--Mylapore Gardens Residents Associat	NEFT INB: CNABNDGVB9                              TRANSFER TO 3197944044306 / Mylapore Gardens Residents Associat	99922	"4,000.00"	 	"8,89,199.74"
03-Jul-21	03-Jul-21	   BULK POSTING-CR_TAMILNADU SANITARY STO             05549442  02--	 / 	16899	 	"2,100.47"	"8,91,300.21"
03-Jul-21	03-Jul-21	   CASH DEPOSIT-CASH DEPOSIT SELF--	 / 	40236	 	"16,500.00"	"9,07,800.21"
04-Jul-21	04-Jul-21	   BULK POSTING-CR_TAMILNADU SANITARY STO             05548442  03--	 / 	16899	 	"1,470.44"	"9,09,270.65"
04-Jul-21	04-Jul-21	   BY TRANSFER-UPI/CR/118502475376/G MOHAN/ICIC/mohan.vasa/bath f--	TRANSFER FROM 4693661162098 / 	40236	 	450	"9,09,720.65"
04-Jul-21	04-Jul-21	   BY TRANSFER-UPI/CR/118503004748/G MOHAN/ICIC/mohan.vasa/bath f--	TRANSFER FROM 5099263162092 / 	40236	 	"12,460.00"	"9,22,180.65"
05-Jul-21	05-Jul-21	   CASH DEPOSIT-CASH DEPOSIT SELF--	 / 	40236	 	"15,000.00"	"9,37,180.65"
05-Jul-21	05-Jul-21	   BY TRANSFER-UPI/CR/118614033168/PADMAJOT/IOBA/padma.venk/sink--	TRANSFER FROM 4898942162094 / 	40236	 	"26,900.00"	"9,64,080.65"
06-Jul-21	06-Jul-21	   CSH DEP (CDM)-9092052786--	 / 	4292	 	"23,000.00"	"9,87,080.65"
06-Jul-21	06-Jul-21	   TO TRANSFER-INB Salary Payment--	CTO3941034               TRANSFER TO 32950808735                           Mr. KASI  R / 	99922	"17,000.00"	 	"9,70,080.65"
06-Jul-21	06-Jul-21	   TO TRANSFER-INB Payment towards Invoice/Bill--	CTO3941478               TRANSFER TO 31054735034                           Mr. NOUSHAD  ABDUL SAL / 	99922	"14,500.00"	 	"9,55,580.65"
06-Jul-21	06-Jul-21	   TO TRANSFER-INB NEFT UTR NO: SBIN121187552837--ARUNKUMAR MANOHARAN	NEFT INB: CNABNFLRQ7                              TRANSFER TO 3197944044306 / ARUNKUMAR MANOHARAN	99922	"5,000.00"	 	"9,50,580.65"
06-Jul-21	06-Jul-21	   TO TRANSFER-INB NEFT UTR NO: SBIN121187554726--Andavar Marketing PVT LTD	NEFT INB: CNABNFLUC7                              TRANSFER TO 3197944044306 / Andavar Marketing PVT LTD	99922	"4,155.00"	 	"9,46,425.65"
06-Jul-21	06-Jul-21	   TO TRANSFER-INB NEFT UTR NO: SBIN121187555953--SHYAMS ENTERPRISES	NEFT INB: CNABNFLXO8                              TRANSFER TO 3197944044306 / SHYAMS ENTERPRISES	99922	"8,000.00"	 	"9,38,425.65"
06-Jul-21	06-Jul-21	   TO TRANSFER-INB NEFT UTR NO: SBIN121187557373--BHARATH Enterprises	NEFT INB: CNABNFLYX1                              TRANSFER TO 3197944044306 / BHARATH Enterprises	99922	"9,790.00"	 	"9,28,635.65"
06-Jul-21	06-Jul-21	   TO TRANSFER-INB NEFT UTR NO: SBIN121187559677--D S Associates	NEFT INB: CNABNFLZZ7                              TRANSFER TO 3197944044306 / D S Associates	99922	"13,686.00"	 	"9,14,949.65"
06-Jul-21	06-Jul-21	   TO TRANSFER-INB NEFT UTR NO: SBIN121187561622--SRI SENI Enterprises	NEFT INB: CNABNFMBD6                              TRANSFER TO 3197944044306 / SRI SENI Enterprises	99922	"10,000.00"	 	"9,04,949.65"
06-Jul-21	06-Jul-21	CHEQUE WDL-CHEQUE TRANSFER TO--555455	TRANSFER FROM 32818937606                         GOLDEN HARDWARE CENTRE / 555455	40236	"4,457.00"	 	"9,00,492.65"
06-Jul-21	06-Jul-21	   BULK POSTING-CR_TAMILNADU SANITARY STO             05548442  05--	 / 	16899	 	"5,223.45"	"9,05,716.10"
06-Jul-21	06-Jul-21	   BULK POSTING-CR_TAMILNADU SANITARY STO             05549442  05--	 / 	16899	 	"7,563.03"	"9,13,279.13"
07-Jul-21	07-Jul-21	   CASH DEPOSIT-CASH DEPOSIT SELF--	 / 	40236	 	"10,000.00"	"9,23,279.13"
07-Jul-21	07-Jul-21	   BULK POSTING-CR_TAMILNADU SANITARY STO             05549442  06--	 / 	16899	 	"3,660.71"	"9,26,939.84"
07-Jul-21	07-Jul-21	   BY TRANSFER-INB IMPS118814267110/9087558716/XX3140/Plywood--	MAA000809941118          MAA000809941118          TRANSFER FROM 4897989162098 / 	99922	 	"5,000.00"	"9,31,939.84"
07-Jul-21	07-Jul-21	BY CLEARING / CHEQUE-IOB   600020016-199614 600002332--199614	 / 199614	10395	 	"10,000.00"	"9,41,939.84"
08-Jul-21	08-Jul-21	   BULK POSTING-CR_TAMILNADU SANITARY STO             05549442  07--	 / 	16899	 	"3,304.17"	"9,45,244.01"
08-Jul-21	08-Jul-21	BY CLEARING / CHEQUE-KCU   600054056-000873 600002332--873	 / 873	10395	 	"57,000.00"	"10,02,244.01"
09-Jul-21	09-Jul-21	   CSH DEP (CDM)-9092052786--	 / 	4292	 	"11,000.00"	"10,13,244.01"
09-Jul-21	09-Jul-21	   TO TRANSFER-INB Payment towards Invoice/Bill--	CTO4391276               TRANSFER TO 57002369188                           NELLAI CERAMIC CENTRE / 	99922	"1,374.00"	 	"10,11,870.01"
09-Jul-21	09-Jul-21	   TO TRANSFER-INB NEFT UTR NO: SBIN521190072380--LEGEND	NEFT INB: CNABNIYGX1                              TRANSFER TO 3197944044306 / LEGEND	99922	"1,216.00"	 	"10,10,654.01"
09-Jul-21	09-Jul-21	   TO TRANSFER-INB NEFT UTR NO: SBIN521190071306--NOBEL TILES WORLD	NEFT INB: CNABNIYHW3                              TRANSFER TO 3197944044306 / NOBEL TILES WORLD	99922	"6,900.00"	 	"10,03,754.01"
09-Jul-21	09-Jul-21	   TO TRANSFER-INB NEFT UTR NO: SBIN521190071396--NOBEL TILES WORLD	NEFT INB: CNABNIYIZ0                              TRANSFER TO 3197944044306 / NOBEL TILES WORLD	99922	"21,450.00"	 	"9,82,304.01"
09-Jul-21	09-Jul-21	   TO TRANSFER-INB NEFT UTR NO: SBIN521190071499--Sattar Sanitary Stores	NEFT INB: CNABNIYKZ7                              TRANSFER TO 3197944044306 / Sattar Sanitary Stores	99922	"17,955.00"	 	"9,64,349.01"
09-Jul-21	09-Jul-21	   TO TRANSFER-INB NEFT UTR NO: SBIN521190074993--D S Associates	NEFT INB: CNABNIYLV4                              TRANSFER TO 3197944044306 / D S Associates	99922	"18,726.00"	 	"9,45,623.01"
09-Jul-21	09-Jul-21	   BULK POSTING-CR_TAMILNADU SANITARY STO             05549442  08--	 / 	16899	 	"6,946.83"	"9,52,569.84"
09-Jul-21	09-Jul-21	   BULK POSTING-CR_TAMILNADU SANITARY STO             05548442  08--	 / 	16899	 	"5,144.78"	"9,57,714.62"
09-Jul-21	09-Jul-21	   CASH DEPOSIT-CASH DEPOSIT SELF--	 / 	40236	 	"11,500.00"	"9,69,214.62"
10-Jul-21	10-Jul-21	   BULK POSTING-CR_TAMILNADU SANITARY STO             05549442  09--	 / 	16899	 	"7,241.09"	"9,76,455.71"
10-Jul-21	10-Jul-21	   TO TRANSFER-INB NEFT UTR NO: SBIN121191351020--Andavar Marketing PVT LTD	NEFT INB: CNABNKCEM8                              TRANSFER TO 3197944044306 / Andavar Marketing PVT LTD	99922	"8,000.00"	 	"9,68,455.71"
10-Jul-21	10-Jul-21	   TO TRANSFER-INB Payment towards Invoice/Bill--	CTO4562907               TRANSFER TO 57002369188                           NELLAI CERAMIC CENTRE / 	99922	"2,492.00"	 	"9,65,963.71"
10-Jul-21	10-Jul-21	   TO TRANSFER-INB NEFT UTR NO: SBIN121191351444--National Ceramic Centre	NEFT INB: CNABNKCIY9                              TRANSFER TO 3197944044306 / National Ceramic Centre	99922	450	 	"9,65,513.71"
10-Jul-21	10-Jul-21	   BULK POSTING-CR_TAMILNADU SANITARY STO             05548442  09--	 / 	16899	 	"50,687.68"	"10,16,201.39"
10-Jul-21	10-Jul-21	   BY TRANSFER-UPI/CR/119177016722/PADMAJOT/IOBA/padma.venk/tiles--	TRANSFER FROM 5098689162095 / 	40236	 	"15,200.00"	"10,31,401.39"
11-Jul-21	11-Jul-21	   BULK POSTING-CR_TAMILNADU SANITARY STO             05548442  10--	 / 	16899	 	"19,794.92"	"10,51,196.31"
11-Jul-21	11-Jul-21	   BULK POSTING-CR_TAMILNADU SANITARY STO             05549442  10--	 / 	16899	 	"16,950.00"	"10,68,146.31"
12-Jul-21	12-Jul-21	   TO TRANSFER-INB NEFT UTR NO: SBIN121193816525--SRI SENI Enterprises	NEFT INB: CNABNLBZK5                              TRANSFER TO 3197944044306 / SRI SENI Enterprises	99922	"20,930.00"	 	"10,47,216.31"
12-Jul-21	12-Jul-21	   TO TRANSFER-INB NEFT UTR NO: SBIN121193817447--NOBEL TILES WORLD	NEFT INB: CNABNLCBF1                              TRANSFER TO 3197944044306 / NOBEL TILES WORLD	99922	"30,490.00"	 	"10,16,726.31"
12-Jul-21	12-Jul-21	   TO TRANSFER-INB NEFT UTR NO: SBIN121193819094--NOBEL TILES WORLD	NEFT INB: CNABNLCBP3                              TRANSFER TO 3197944044306 / NOBEL TILES WORLD	99922	"21,595.00"	 	"9,95,131.31"
12-Jul-21	12-Jul-21	   TO TRANSFER-INB NEFT UTR NO: SBIN121193819154--VALLI STEEL INDUSTRIES PVT LTD	NEFT INB: CNABNLCBW4                              TRANSFER TO 3197944044306 / VALLI STEEL INDUSTRIES PVT LTD	99922	"19,870.00"	 	"9,75,261.31"
12-Jul-21	12-Jul-21	   TO TRANSFER-INB NEFT UTR NO: SBIN121193819846--Andavar Marketing PVT LTD	NEFT INB: CNABNLCCP8                              TRANSFER TO 3197944044306 / Andavar Marketing PVT LTD	99922	"4,200.00"	 	"9,71,061.31"
12-Jul-21	12-Jul-21	   CASH DEPOSIT-CASH DEPOSIT SELF--	 / 	40236	 	"28,000.00"	"9,99,061.31"
12-Jul-21	12-Jul-21	   BY TRANSFER-INB IMPS119313162093/9840015710/XX1952/Tiles 120x--	MAB000802395353          MAB000802395353          TRANSFER FROM 4897952162090 / 	99922	 	"5,400.00"	"10,04,461.31"
12-Jul-21	12-Jul-21	   TO TRANSFER-INB--	460212196CHG9081558               TRANSFER TO 4899879162098 / 	99922	"3,932.00"	 	"10,00,529.31"
13-Jul-21	13-Jul-21	TO CLEARING-HDF   NATIONALCERAMICCENTRE--555461	 / 555461	10395	"13,070.00"	 	"9,87,459.31"
13-Jul-21	13-Jul-21	   TO TRANSFER-INB NEFT UTR NO: SBIN221194860320--Andavar Marketing PVT LTD	NEFT INB: CNABNMGSZ8                              TRANSFER TO 3197944044306 / Andavar Marketing PVT LTD	99922	"3,990.00"	 	"9,83,469.31"
13-Jul-21	13-Jul-21	   TO TRANSFER-INB Payment towards Invoice/Bill--	CTO4844898               TRANSFER TO 32423647359                           ARAVIND CERAMICS PRIVA / 	99922	"2,750.00"	 	"9,80,719.31"
13-Jul-21	13-Jul-21	   TO TRANSFER-INB NEFT UTR NO: SBIN221194862691--PROVIDENT MARKETING	NEFT INB: CNABNMGUB7                              TRANSFER TO 3197944044306 / PROVIDENT MARKETING	99922	"4,640.00"	 	"9,76,079.31"
13-Jul-21	13-Jul-21	   TO TRANSFER-INB NEFT UTR NO: SBIN221194863242--SUPER TRADING CORPORATION	NEFT INB: CNABNMGVT5                              TRANSFER TO 3197944044306 / SUPER TRADING CORPORATION	99922	"24,250.00"	 	"9,51,829.31"
13-Jul-21	13-Jul-21	   TO TRANSFER-INB NEFT UTR NO: SBIN221194865036--Sattar Sanitary Stores	NEFT INB: CNABNMGWP3                              TRANSFER TO 3197944044306 / Sattar Sanitary Stores	99922	"10,422.00"	 	"9,41,407.31"
13-Jul-21	13-Jul-21	CHEQUE WDL-CHEQUE TRANSFER TO--555462	TRANSFER FROM 32818937606                         GOLDEN HARDWARE CENTRE / 555462	40236	"6,013.00"	 	"9,35,394.31"
13-Jul-21	13-Jul-21	   CASH DEPOSIT-CASH DEPOSIT SELF--	 / 	40236	 	"17,500.00"	"9,52,894.31"
13-Jul-21	13-Jul-21	   BULK POSTING-CR_TAMILNADU SANITARY STO             05549442  12--	 / 	16899	 	352.44	"9,53,246.75"
13-Jul-21	13-Jul-21	BY CLEARING / CHEQUE-CBI   600016003-121199 600002332--121199	 / 121199	10395	 	830	"9,54,076.75"
13-Jul-21	13-Jul-21	   TO TRANSFER-INB--	21073300233291CKQ8666382               TRANSFER TO 36959637216                           POOLING ACCOUNT GST-MM / 	99922	"23,848.00"	 	"9,30,228.75"
13-Jul-21	13-Jul-21	   BY TRANSFER-UPI/CR/119419488347/G AADITH/UTIB/aadithiyar/UPI--	TRANSFER FROM 5098902162095 / 	40236	 	"7,840.00"	"9,38,068.75"
13-Jul-21	13-Jul-21	   BY TRANSFER-UPI/CR/119420453654/G AADITH/UTIB/aadithiyar/UPI--	TRANSFER FROM 4693190162090 / 	40236	 	560	"9,38,628.75"
14-Jul-21	14-Jul-21	   CSH DEP (CDM)-9092052786--	 / 	4292	 	"11,000.00"	"9,49,628.75"
14-Jul-21	14-Jul-21	   BULK POSTING-CR_TAMILNADU SANITARY STO             05549442  13--	 / 	16899	 	"8,054.34"	"9,57,683.09"
14-Jul-21	14-Jul-21	   BULK POSTING-CR_TAMILNADU SANITARY STO             05548442  13--	 / 	16899	 	"31,734.25"	"9,89,417.34"
14-Jul-21	14-Jul-21	CASH CHEQUE-CASH WITHDRAWAL BY CHQ--555465	 / 555465	40236	"10,000.00"	 	"9,79,417.34"
14-Jul-21	14-Jul-21	   TO TRANSFER-INB Payment towards Invoice/Bill--	CTO5001476               TRANSFER TO 32423647359                           ARAVIND CERAMICS PRIVA / 	99922	"24,200.00"	 	"9,55,217.34"
14-Jul-21	14-Jul-21	   TO TRANSFER-INB NEFT UTR NO: SBIN321195948589--Andavar Marketing PVT LTD	NEFT INB: CNABNNMAZ3                              TRANSFER TO 3197944044306 / Andavar Marketing PVT LTD	99922	"6,885.00"	 	"9,48,332.34"
15-Jul-21	15-Jul-21	   BULK POSTING-CR_TAMILNADU SANITARY STO             05549442  14--	 / 	16899	 	"9,830.22"	"9,58,162.56"
15-Jul-21	15-Jul-21	   CASH DEPOSIT-CASH DEPOSIT SELF--	 / 	40236	 	"10,500.00"	"9,68,662.56"
15-Jul-21	15-Jul-21	   CSH DEP (CDM)-9092052786--	 / 	4292	 	"12,000.00"	"9,80,662.56"
16-Jul-21	16-Jul-21	   BULK POSTING-CR_TAMILNADU SANITARY STO             05548442  15--	 / 	16899	 	"2,920.29"	"9,83,582.85"
16-Jul-21	16-Jul-21	BY CLEARING / CHEQUE-CBI   600016030-132837 600002332--132837	 / 132837	10395	 	"6,398.00"	"9,89,980.85"
16-Jul-21	16-Jul-21	   BY TRANSFER-UPI/CR/119716486279/Mr JAYAR/CIUB/nelliserry/UPI--	TRANSFER FROM 4693498162092 / 	40236	 	"19,700.00"	"10,09,680.85"
17-Jul-21	17-Jul-21	TO CLEARING-INB   MALLIKABATTERIES--555463	 / 555463	10395	"1,350.00"	 	"10,08,330.85"
17-Jul-21	17-Jul-21	   BULK POSTING-CR_TAMILNADU SANITARY STO             05548442  16--	 / 	16899	 	"26,193.84"	"10,34,524.69"
18-Jul-21	18-Jul-21	   BULK POSTING-CR_TAMILNADU SANITARY STO             05549442  17--	 / 	16899	 	"16,054.51"	"10,50,579.20"
19-Jul-21	19-Jul-21	   BY TRANSFER-INB IMPS120021149195/9840015710/XX1952/120 tiles--	MAB000808698469          MAB000808698469          TRANSFER FROM 4897951162091 / 	99922	 	"5,400.00"	"10,55,979.20"
21-Jul-21	21-Jul-21	   TO TRANSFER-INB NEFT UTR NO: SBIN421202407021--Andavar Marketing PVT LTD	NEFT INB: CNABNTKNG9                              TRANSFER TO 3197944044306 / Andavar Marketing PVT LTD	99922	"10,291.00"	 	"10,45,688.20"
21-Jul-21	21-Jul-21	   TO TRANSFER-INB NEFT UTR NO: SBIN421202406910--NOBEL TILES WORLD	NEFT INB: CNABNTKOL0                              TRANSFER TO 3197944044306 / NOBEL TILES WORLD	99922	"22,835.00"	 	"10,22,853.20"
21-Jul-21	21-Jul-21	   BULK POSTING-CR_TAMILNADU SANITARY STO             05548442  20--	 / 	16899	 	"6,729.66"	"10,29,582.86"
21-Jul-21	21-Jul-21	   TO TRANSFER-INB NEFT UTR NO: SBIN421202415339--TRISHLA AGENCIES	NEFT INB: CNABNTLOS1                              TRANSFER TO 3197944044306 / TRISHLA AGENCIES	99922	"13,607.00"	 	"10,15,975.86"
21-Jul-21	21-Jul-21	   TO TRANSFER-INB Payment towards Invoice/Bill--	CTO5791567               TRANSFER TO 57002369188                           NELLAI CERAMIC CENTRE / 	99922	"1,720.00"	 	"10,14,255.86"
21-Jul-21	21-Jul-21	   TO TRANSFER-INB NEFT UTR NO: SBIN421202425630--Galaxy Sales Trading Corporation	NEFT INB: CNABNTMBK0                              TRANSFER TO 3197944044306 / Galaxy Sales Trading Corporation	99922	"3,900.00"	 	"10,10,355.86"
21-Jul-21	21-Jul-21	   TO TRANSFER-INB NEFT UTR NO: SBIN421202425848--Sattar Sanitary Stores	NEFT INB: CNABNTMDI2                              TRANSFER TO 3197944044306 / Sattar Sanitary Stores	99922	"17,204.00"	 	"9,93,151.86"
21-Jul-21	21-Jul-21	   TO TRANSFER-INB NEFT UTR NO: SBIN421202427305--ABHIVAIRAVANS PLUMBING CO	NEFT INB: CNABNTMEQ2                              TRANSFER TO 3197944044306 / ABHIVAIRAVANS PLUMBING CO	99922	"6,000.00"	 	"9,87,151.86"
21-Jul-21	21-Jul-21	   TO TRANSFER-INB NEFT UTR NO: SBIN421202424885--SHYAMS ENTERPRISES	NEFT INB: CNABNTMGE2                              TRANSFER TO 3197944044306 / SHYAMS ENTERPRISES	99922	"5,378.00"	 	"9,81,773.86"
21-Jul-21	21-Jul-21	BY CLEARING / CHEQUE-IOB   600020016-199618 600002031--199618	 / 199618	10395	 	"5,000.00"	"9,86,773.86"
22-Jul-21	22-Jul-21	   BULK POSTING-CR_TAMILNADU SANITARY STO             05549442  21--	 / 	16899	 	"4,515.60"	"9,91,289.46"
22-Jul-21	22-Jul-21	   CASH DEPOSIT-CASH DEPOSIT SELF--	 / 	40236	 	"82,500.00"	"10,73,789.46"
22-Jul-21	22-Jul-21	   TO TRANSFER-INB--	110221724088CHG9994440               TRANSFER TO 4599232162091 / 	99922	"1,296.82"	 	"10,72,492.64"
22-Jul-21	22-Jul-21	   TO TRANSFER-INB--	110221726314CHG9994773               TRANSFER TO 4599231162092 / 	99922	"1,721.62"	 	"10,70,771.02"
22-Jul-21	22-Jul-21	   BY TRANSFER-NEFT*KKBK0000958*KKBK212032237614*SANMAR SHIPPING--	TRANSFER FROM 3199679044302 / 	4430	 	"3,300.00"	"10,74,071.02"
23-Jul-21	23-Jul-21	   TO TRANSFER-INB NEFT UTR NO: SBIN521204647437--D S Associates	NEFT INB: CNABNUZDQ8                              TRANSFER TO 3197944044306 / D S Associates	99922	"40,000.00"	 	"10,34,071.02"
23-Jul-21	23-Jul-21	   TO TRANSFER-INB NEFT UTR NO: SBIN521204648579--SRI SENI Enterprises	NEFT INB: CNABNUZEY5                              TRANSFER TO 3197944044306 / SRI SENI Enterprises	99922	"15,000.00"	 	"10,19,071.02"
23-Jul-21	23-Jul-21	   TO TRANSFER-INB NEFT UTR NO: SBIN521204648130--Yamuna Trades	NEFT INB: CNABNUZFG5                              TRANSFER TO 3197944044306 / Yamuna Trades	99922	"3,340.00"	 	"10,15,731.02"
23-Jul-21	23-Jul-21	   TO TRANSFER-INB NEFT UTR NO: SBIN521204649618--ANCHOR DISTRIBUTION SYSTEMS	NEFT INB: CNABNUZGZ2                              TRANSFER TO 3197944044306 / ANCHOR DISTRIBUTION SYSTEMS	99922	"25,304.00"	 	"9,90,427.02"
23-Jul-21	23-Jul-21	   TO TRANSFER-INB NEFT UTR NO: SBIN521204648370--NOBEL TILES WORLD	NEFT INB: CNABNUZHM7                              TRANSFER TO 3197944044306 / NOBEL TILES WORLD	99922	"17,220.00"	 	"9,73,207.02"
23-Jul-21	23-Jul-21	   CASH DEPOSIT-CASH DEPOSIT SELF--	 / 	40236	 	"26,500.00"	"9,99,707.02"
23-Jul-21	23-Jul-21	   BY TRANSFER-UPI/CR/120415952298/SAI DESI/UTIB/stsh.chand/bell--	TRANSFER FROM 4693436162095 / 	40236	 	"5,000.00"	"10,04,707.02"
23-Jul-21	23-Jul-21	   TO TRANSFER-INB ICICI_CC Payments--	WSBI0135836031CHH0131203               TRANSFER TO 3199609162099 / 	99922	"15,000.00"	 	"9,89,707.02"
24-Jul-21	24-Jul-21	   BULK POSTING-CR_TAMILNADU SANITARY STO             05548442  23--	 / 	16899	 	"3,800.00"	"9,93,507.02"
24-Jul-21	24-Jul-21	   BULK POSTING-CR_TAMILNADU SANITARY STO             05549442  23--	 / 	16899	 	647.4	"9,94,154.42"
24-Jul-21	24-Jul-21	   TO TRANSFER-INB NEFT UTR NO: SBIN121205651542--Andavar Marketing PVT LTD	NEFT INB: CNABNWECZ4                              TRANSFER TO 3197944044306 / Andavar Marketing PVT LTD	99922	"17,141.00"	 	"9,77,013.42"
24-Jul-21	24-Jul-21	   TO TRANSFER-INB Payment towards Invoice/Bill--	CTO6129569               TRANSFER TO 32423647359                           ARAVIND CERAMICS PRIVA / 	99922	"17,500.00"	 	"9,59,513.42"
24-Jul-21	24-Jul-21	   TO TRANSFER-INB NEFT UTR NO: SBIN121205662934--AJANTHA BATHROOM PRODUCTS AND PIPES	NEFT INB: CNABNWEVA4                              TRANSFER TO 3197944044306 / AJANTHA BATHROOM PRODUCTS AND PIPES	99922	"26,500.00"	 	"9,33,013.42"
24-Jul-21	24-Jul-21	   TO TRANSFER-INB NEFT UTR NO: SBIN121205671464--SHRI Venkateswar Agency	NEFT INB: CNABNWFLP4                              TRANSFER TO 3197944044306 / SHRI Venkateswar Agency	99922	"10,000.00"	 	"9,23,013.42"
24-Jul-21	24-Jul-21	   TO TRANSFER-INB NEFT UTR NO: SBIN121205673675--GUPTA SALES CORPORATION	NEFT INB: CNABNWFNK4                              TRANSFER TO 3197944044306 / GUPTA SALES CORPORATION	99922	"3,675.00"	 	"9,19,338.42"
24-Jul-21	24-Jul-21	   TO TRANSFER-INB NEFT UTR NO: SBIN121205674677--VALLI STEEL INDUSTRIES PVT LTD	NEFT INB: CNABNWFMM7                              TRANSFER TO 3197944044306 / VALLI STEEL INDUSTRIES PVT LTD	99922	"10,681.00"	 	"9,08,657.42"
24-Jul-21	24-Jul-21	   TO TRANSFER-INB NEFT UTR NO: SBIN121205675541--SRI SENI Enterprises	NEFT INB: CNABNWFOX3                              TRANSFER TO 3197944044306 / SRI SENI Enterprises	99922	"2,928.00"	 	"9,05,729.42"
24-Jul-21	24-Jul-21	   TO TRANSFER-INB NEFT UTR NO: SBIN121205676021--NOBEL TILES WORLD	NEFT INB: CNABNWFPZ4                              TRANSFER TO 3197944044306 / NOBEL TILES WORLD	99922	"27,795.00"	 	"8,77,934.42"
24-Jul-21	24-Jul-21	   BY TRANSFER-UPI/CR/120502430462/R ARUMUGAM/IOBA/latharumug/UPI--	TRANSFER FROM 5099212162092 / 	40236	 	"24,000.00"	"9,01,934.42"
24-Jul-21	24-Jul-21	   BY TRANSFER-NEFTRRSBIN121205671464(24-07-21)Account Closed--	TRANSFER FROM 3199304402368 / 	4430	 	"10,000.00"	"9,11,934.42"
25-Jul-21	25-Jul-21	   TO TRANSFER-INB NEFT UTR NO: SBIN121206760231--Shabbir Sanitary Stores	NEFT INB: CNABNWKGW7                              TRANSFER TO 3197944044306 / Shabbir Sanitary Stores	99922	"8,909.00"	 	"9,03,025.42"
25-Jul-21	25-Jul-21	   TO TRANSFER-INB NEFT UTR NO: SBIN121206761012--K N Industries	NEFT INB: CNABNWKGZ2                              TRANSFER TO 3197944044306 / K N Industries	99922	"6,250.00"	 	"8,96,775.42"
25-Jul-21	25-Jul-21	   TO TRANSFER-INB NEFT UTR NO: SBIN121206760317--MANGALAM SANITARY	NEFT INB: CNABNWKHA5                              TRANSFER TO 3197944044306 / MANGALAM SANITARY	99922	"11,472.00"	 	"8,85,303.42"
25-Jul-21	25-Jul-21	   TO TRANSFER-INB NEFT UTR NO: SBIN121206759840--Sattar Sanitary Stores	NEFT INB: CNABNWKHD2                              TRANSFER TO 3197944044306 / Sattar Sanitary Stores	99922	"3,512.00"	 	"8,81,791.42"
25-Jul-21	25-Jul-21	   TO TRANSFER-INB NEFT UTR NO: SBIN121206759865--SUPER TRADING CORPORATION	NEFT INB: CNABNWKHY3                              TRANSFER TO 3197944044306 / SUPER TRADING CORPORATION	99922	"15,641.00"	 	"8,66,150.42"
25-Jul-21	25-Jul-21	   TO TRANSFER-INB NEFT UTR NO: SBIN121206761106--Germa Sanitarywares PVT LTD	NEFT INB: CNABNWKHZ8                              TRANSFER TO 3197944044306 / Germa Sanitarywares PVT LTD	99922	"4,000.00"	 	"8,62,150.42"
25-Jul-21	25-Jul-21	   BULK POSTING-CR_TAMILNADU SANITARY STO             05548442  24--	 / 	16899	 	"9,596.99"	"8,71,747.41"
25-Jul-21	25-Jul-21	   BULK POSTING-CR_TAMILNADU SANITARY STO             05549442  24--	 / 	16899	 	"9,889.44"	"8,81,636.85"
26-Jul-21	26-Jul-21	CHEQUE WDL-CHEQUE TRANSFER TO--555464	TRANSFER FROM 32818937606                         GOLDEN HARDWARE CENTRE / 555464	40236	"9,578.00"	 	"8,72,058.85"
26-Jul-21	26-Jul-21	   BULK POSTING-CR_TAMILNADU SANITARY STO             05548442  25--	 / 	16899	 	"21,746.57"	"8,93,805.42"
26-Jul-21	26-Jul-21	   BULK POSTING-CR_TAMILNADU SANITARY STO             05549442  25--	 / 	16899	 	"11,723.64"	"9,05,529.06"
26-Jul-21	26-Jul-21	   CASH DEPOSIT-CASH DEPOSIT SELF--	 / 	40236	 	"18,000.00"	"9,23,529.06"
26-Jul-21	26-Jul-21	   TO TRANSFER-INB Payment towards Invoice/Bill--	CTO6269613               TRANSFER TO 57002369188                           NELLAI CERAMIC CENTRE / 	99922	956	 	"9,22,573.06"
26-Jul-21	26-Jul-21	   TO TRANSFER-INB NEFT UTR NO: SBIN221207487286--FRIENDLY SERVICES	NEFT INB: CNABNXGQP8                              TRANSFER TO 3197944044306 / FRIENDLY SERVICES	99922	"3,762.00"	 	"9,18,811.06"
26-Jul-21	26-Jul-21	   TO TRANSFER-INB NEFT UTR NO: SBIN221207489689--SHAMS BROTHERS	NEFT INB: CNABNXGTT6                              TRANSFER TO 3197944044306 / SHAMS BROTHERS	99922	"1,405.00"	 	"9,17,406.06"
26-Jul-21	26-Jul-21	   TO TRANSFER-INB NEFT UTR NO: SBIN221207494278--K M CERAMICS	NEFT INB: CNABNXGUY6                              TRANSFER TO 3197944044306 / K M CERAMICS	99922	"20,500.00"	 	"8,96,906.06"
26-Jul-21	26-Jul-21	   TO TRANSFER-INB NEFT UTR NO: SBIN221207495421--Andavar Marketing PVT LTD	NEFT INB: CNABNXGWZ1                              TRANSFER TO 3197944044306 / Andavar Marketing PVT LTD	99922	"20,841.00"	 	"8,76,065.06"
27-Jul-21	27-Jul-21	   BULK POSTING-CR_TAMILNADU SANITARY STO             05548442  26--	 / 	16899	 	"17,341.98"	"8,93,407.04"
27-Jul-21	27-Jul-21	   CSH DEP (CDM)-9092052786--	 / 	4292	 	"15,000.00"	"9,08,407.04"
27-Jul-21	27-Jul-21	BY CLEARING / CHEQUE-KCU   600054002-062262 600002332--62262	 / 62262	10395	 	"2,150.00"	"9,10,557.04"
27-Jul-21	27-Jul-21	   TO TRANSFER-INB NEFT UTR NO: SBIN321208233787--TRISHLA CORPORATION	NEFT INB: CNABNYBXI3                              TRANSFER TO 3197944044306 / TRISHLA CORPORATION	99922	"10,527.00"	 	"9,00,030.04"
27-Jul-21	27-Jul-21	   TO TRANSFER-INB NEFT UTR NO: SBIN321208236793--Andavar Marketing PVT LTD	NEFT INB: CNABNYBZI7                              TRANSFER TO 3197944044306 / Andavar Marketing PVT LTD	99922	"16,252.00"	 	"8,83,778.04"
27-Jul-21	27-Jul-21	   TO TRANSFER-INB NEFT UTR NO: SBIN321208608920--D S Associates	NEFT INB: CNABNYJUM8                              TRANSFER TO 3197944044306 / D S Associates	99922	"6,990.00"	 	"8,76,788.04"
27-Jul-21	27-Jul-21	   TO TRANSFER-INB NEFT UTR NO: SBIN321208610898--D S Associates	NEFT INB: CNABNYJVL9                              TRANSFER TO 3197944044306 / D S Associates	99922	"19,520.00"	 	"8,57,268.04"
27-Jul-21	27-Jul-21	   TO TRANSFER-INB NEFT UTR NO: SBIN321208611120--AJANTHA BATHROOM PRODUCTS AND PIPES	NEFT INB: CNABNYJUZ8                              TRANSFER TO 3197944044306 / AJANTHA BATHROOM PRODUCTS AND PIPES	99922	"15,301.00"	 	"8,41,967.04"
27-Jul-21	27-Jul-21	   TO TRANSFER-INB NEFT UTR NO: SBIN321208612299--NOBEL TILES WORLD	NEFT INB: CNABNYJYJ1                              TRANSFER TO 3197944044306 / NOBEL TILES WORLD	99922	"23,575.00"	 	"8,18,392.04"
28-Jul-21	28-Jul-21	TO CLEARING-KOT   THE TAMILNADU CERAMIC CEN--555466	 / 555466	10395	"4,287.00"	 	"8,14,105.04"
28-Jul-21	28-Jul-21	   BULK POSTING-CR_TAMILNADU SANITARY STO             05548442  27--	 / 	16899	 	"4,271.46"	"8,18,376.50"
28-Jul-21	28-Jul-21	   BULK POSTING-CR_TAMILNADU SANITARY STO             05549442  27--	 / 	16899	 	"2,213.75"	"8,20,590.25"
29-Jul-21	29-Jul-21	   BULK POSTING-CR_TAMILNADU SANITARY STO             05548442  28--	 / 	16899	 	"9,636.13"	"8,30,226.38"
29-Jul-21	29-Jul-21	   BY TRANSFER-UPI/CR/121054368785/M MUNEES/HDFC/muneeskuma/UPI--	TRANSFER FROM 4898970162090 / 	40236	 	"3,320.00"	"8,33,546.38"
29-Jul-21	29-Jul-21	   CSH DEP (CDM)-9092052786--	 / 	4292	 	"5,500.00"	"8,39,046.38"
30-Jul-21	30-Jul-21	   BULK POSTING-CR_TAMILNADU SANITARY STO             05549442  29--	 / 	16899	 	"7,519.29"	"8,46,565.67"
31-Jul-21	31-Jul-21	   CASH DEPOSIT-CASH DEPOSIT SELF--	 / 	40236	 	"14,000.00"	"8,60,565.67"
							
**This is a computer generated statement and does not require a signature							
