Account Name       :                	TAMILNADU SANITARY STORES						
Address            :	"NO 143,  KUTCHERY ROAD,  MYLAPORE  Chennai"						
                                    	CHENNAI						
                                    	TAMILNADU-600004						
                                    	India						
Date               :                	07-Jul-21						
Account Number     :	_00000030976446269						
Account Description:	CA-REGULAR-PUB-OTH-ALL-INR						
Branch             :	SANTHOME						
Drawing Power      :	0						
Interest Rate(% p.a.):	0						
MOD Balance      :	0						
CIF No.          :	_85676868920						
IFS Code         :	SBIN0040236						
MICR Code        :	_600002332						
Balance on 1 May 2021        :	"8,26,172.45"						
Start Date          :	01-May-21						
End Date            :	31-May-21						
Txn Date	Value Date	Description	Ref No./Cheque No.	Branch Code	        Debit	Credit	Balance
01-May-21	01-May-21	TO CLEARING-HDF   NATIONALCERAMICCENTRE--555446	 / 555446	10395	"4,625.00"	 	"8,21,547.45"
02-May-21	02-May-21	   BULK POSTING-CR_TAMILNADU SANITARY STO             05549442  01--	 / 	16899	 	489.5	"8,22,036.95"
03-May-21	03-May-21	   CSH DEP (CDM)-9092052786--	 / 	4292	 	"22,500.00"	"8,44,536.95"
04-May-21	04-May-21	   BULK POSTING-CR_TAMILNADU SANITARY STO             05549442  03--	 / 	16899	 	"27,465.53"	"8,72,002.48"
04-May-21	04-May-21	   CASH DEPOSIT-CASH DEPOSIT SELF--	 / 	40236	 	"29,500.00"	"9,01,502.48"
04-May-21	04-May-21	BY CLEARING / CHEQUE-IOB   605020018-923227 600002332--923227	 / 923227	10395	 	"50,000.00"	"9,51,502.48"
05-May-21	05-May-21	TO CLEARING-CIT   NEW INDIA ASSURANCE CHEN--555447	 / 555447	10395	"1,267.00"	 	"9,50,235.48"
05-May-21	05-May-21	TO CLEARING-UBI   FERMIER ENGINEERS P LTD--555449	 / 555449	10395	"28,000.00"	 	"9,22,235.48"
05-May-21	05-May-21	   TO TRANSFER-INB Payment towards Invoice/Bill--	CTN6940449               TRANSFER TO 32423647359                           ARAVIND CERAMICS PRIVA / 	99922	"6,240.00"	 	"9,15,995.48"
05-May-21	05-May-21	   TO TRANSFER-INB NEFT UTR NO: SBIN421125303055--Andavar Marketing PVT LTD	NEFT INB: CNABLJHSN1                              TRANSFER TO 3197944044306 / Andavar Marketing PVT LTD	99922	"4,345.00"	 	"9,11,650.48"
05-May-21	05-May-21	   TO TRANSFER-INB NEFT UTR NO: SBIN421125303235--NOVELTY	NEFT INB: CNABLJHSD7                              TRANSFER TO 3197944044306 / NOVELTY	99922	"3,862.00"	 	"9,07,788.48"
05-May-21	05-May-21	   TO TRANSFER-INB NEFT UTR NO: SBIN421125303849--TRISHLA AGENCIES	NEFT INB: CNABLJHSV8                              TRANSFER TO 3197944044306 / TRISHLA AGENCIES	99922	"3,326.00"	 	"9,04,462.48"
05-May-21	05-May-21	   TO TRANSFER-INB NEFT UTR NO: SBIN421125303993--TRISHLA CORPORATION	NEFT INB: CNABLJHSY9                              TRANSFER TO 3197944044306 / TRISHLA CORPORATION	99922	"3,825.00"	 	"9,00,637.48"
05-May-21	05-May-21	   TO TRANSFER-INB NEFT UTR NO: SBIN421125305072--AJANTHA BATHROOM PRODUCTS AND PIPES	NEFT INB: CNABLJHRR3                              TRANSFER TO 3197944044306 / AJANTHA BATHROOM PRODUCTS AND PIPES	99922	"13,778.00"	 	"8,86,859.48"
05-May-21	05-May-21	   TO TRANSFER-INB NEFT UTR NO: SBIN421125305504--Shri Krishna Enterprises	NEFT INB: CNABLJHTM0                              TRANSFER TO 3197944044306 / Shri Krishna Enterprises	99922	"2,602.00"	 	"8,84,257.48"
05-May-21	05-May-21	   TO TRANSFER-INB NEFT UTR NO: SBIN421125305297--Andavar Marketing PVT LTD	NEFT INB: CNABLJHUF4                              TRANSFER TO 3197944044306 / Andavar Marketing PVT LTD	99922	"15,001.00"	 	"8,69,256.48"
05-May-21	05-May-21	   TO TRANSFER-INB NEFT UTR NO: SBIN421125305451--Andavar Marketing PVT LTD	NEFT INB: CNABLJHTV7                              TRANSFER TO 3197944044306 / Andavar Marketing PVT LTD	99922	"30,142.00"	 	"8,39,114.48"
05-May-21	05-May-21	   TO TRANSFER-INB NEFT UTR NO: SBIN421125306606--MANGALAM SANITARY	NEFT INB: CNABLJHUO6                              TRANSFER TO 3197944044306 / MANGALAM SANITARY	99922	"2,322.00"	 	"8,36,792.48"
05-May-21	05-May-21	   TO TRANSFER-INB NEFT UTR NO: SBIN421125306472--D S Associates	NEFT INB: CNABLJHUS8                              TRANSFER TO 3197944044306 / D S Associates	99922	"7,682.00"	 	"8,29,110.48"
05-May-21	05-May-21	   TO TRANSFER-INB NEFT UTR NO: SBIN421125307257--SRI SENI Enterprises	NEFT INB: CNABLJHXF7                              TRANSFER TO 3197944044306 / SRI SENI Enterprises	99922	"18,746.00"	 	"8,10,364.48"
05-May-21	05-May-21	   TO TRANSFER-INB NEFT UTR NO: SBIN421125308206--Sattar Sanitary Stores	NEFT INB: CNABLJHXK1                              TRANSFER TO 3197944044306 / Sattar Sanitary Stores	99922	"17,948.00"	 	"7,92,416.48"
05-May-21	05-May-21	CHEQUE WDL-CHEQUE TRANSFER TO--555445	TRANSFER FROM 32818937606                         GOLDEN HARDWARE CENTRE / 555445	40236	"7,761.00"	 	"7,84,655.48"
05-May-21	05-May-21	   BULK POSTING-CR_TAMILNADU SANITARY STO             05549442  04--	 / 	16899	 	"33,645.09"	"8,18,300.57"
05-May-21	05-May-21	   CASH DEPOSIT-CASH DEPOSIT SELF--	 / 	40236	 	"12,500.00"	"8,30,800.57"
06-May-21	06-May-21	   BULK POSTING-CR_TAMILNADU SANITARY STO             05549442  05--	 / 	16899	 	"7,136.40"	"8,37,936.97"
06-May-21	06-May-21	   CASH DEPOSIT-CASH DEPOSIT SELF--	 / 	40236	 	"18,500.00"	"8,56,436.97"
06-May-21	06-May-21	   TO TRANSFER-INB Salary Payment--	CTN7157874               TRANSFER TO 32950808735                           Mr. KASI  R / 	99922	"17,000.00"	 	"8,39,436.97"
06-May-21	06-May-21	   TO TRANSFER-INB Salary Payment--	CTN7157947               TRANSFER TO 31054735034                           Mr. NOUSHAD  ABDUL SAL / 	99922	"14,500.00"	 	"8,24,936.97"
08-May-21	08-May-21	   BY TRANSFER-INB IMPS/P2A/UA0384217084/XXXXXXX269SBIN--	UA0384217084MOAEKOGSU0               TRANSFER FROM 54006217701                         Mrs. RAMANI  EASWARAN / 	99922	 	"4,410.00"	"8,29,346.97"
09-May-21	09-May-21	   BULK POSTING-CR_TAMILNADU SANITARY STO             05548442  08--	 / 	16899	 	"5,451.48"	"8,34,798.45"
09-May-21	09-May-21	   BULK POSTING-CR_TAMILNADU SANITARY STO             05549442  08--	 / 	16899	 	"11,595.12"	"8,46,393.57"
09-May-21	09-May-21	   BY TRANSFER-UPI/CR/112922430008/SENTHUR /IBKL/9940027134/Payme--	TRANSFER FROM 5099325162094 / 	1	 	100	"8,46,493.57"
09-May-21	09-May-21	   BY TRANSFER-UPI/CR/112944449258/SENTHUR /IBKL/9940027134/Payme--	TRANSFER FROM 5099292162097 / 	1	 	"2,300.00"	"8,48,793.57"
09-May-21	09-May-21	   BY TRANSFER-UPI/CR/112985589588/SURYA N/HDFC/suryan20@y/Fittin--	TRANSFER FROM 5099261162094 / 	1	 	"7,000.00"	"8,55,793.57"
11-May-21	11-May-21	TO CLEARING-HDF   NATIONAL CERAMIC CENTRE--555450	 / 555450	10395	"2,820.00"	 	"8,52,973.57"
11-May-21	11-May-21	   CASH DEPOSIT-CASH DEPOSIT SELF--	 / 	40236	 	"1,10,500.00"	"9,63,473.57"
13-May-21	13-May-21	   CASH DEPOSIT-CASH DEPOSIT SELF--	 / 	40236	 	"12,000.00"	"9,75,473.57"
15-May-21	15-May-21	   TO TRANSFER-INB ICICI_CC Payments--	VSBI9972065077CHG5243757               TRANSFER TO 3199617162090 / 	99922	"36,038.00"	 	"9,39,435.57"
15-May-21	15-May-21	   TO TRANSFER-INB NEFT UTR NO: SBIN121135793167--Andavar Marketing PVT LTD	NEFT INB: CNABLRLJH0                              TRANSFER TO 3197944044306 / Andavar Marketing PVT LTD	99922	"5,850.00"	 	"9,33,585.57"
15-May-21	15-May-21	   TO TRANSFER-INB NEFT UTR NO: SBIN121135792743--Andavar Marketing PVT LTD	NEFT INB: CNABLRLJO5                              TRANSFER TO 3197944044306 / Andavar Marketing PVT LTD	99922	"16,531.00"	 	"9,17,054.57"
15-May-21	15-May-21	   TO TRANSFER-INB NEFT UTR NO: SBIN121135793556--D S Associates	NEFT INB: CNABLRLLC5                              TRANSFER TO 3197944044306 / D S Associates	99922	"15,626.00"	 	"9,01,428.57"
15-May-21	15-May-21	   TO TRANSFER-INB NEFT UTR NO: SBIN121135793776--D S Associates	NEFT INB: CNABLRLKQ5                              TRANSFER TO 3197944044306 / D S Associates	99922	"11,413.00"	 	"8,90,015.57"
15-May-21	15-May-21	   TO TRANSFER-INB NEFT UTR NO: SBIN121135794564--SRI SENI Enterprises	NEFT INB: CNABLRLKC8                              TRANSFER TO 3197944044306 / SRI SENI Enterprises	99922	"13,177.00"	 	"8,76,838.57"
15-May-21	15-May-21	   TO TRANSFER-INB NEFT UTR NO: SBIN121135794815--SHYAMS ENTERPRISES	NEFT INB: CNABLRLLB3                              TRANSFER TO 3197944044306 / SHYAMS ENTERPRISES	99922	"7,289.00"	 	"8,69,549.57"
15-May-21	15-May-21	   TO TRANSFER-INB NEFT UTR NO: SBIN121135794992--Sri Kesava Traders	NEFT INB: CNABLRLMS5                              TRANSFER TO 3197944044306 / Sri Kesava Traders	99922	"6,580.00"	 	"8,62,969.57"
22-May-21	22-May-21	   TO TRANSFER-INB--	20210522169932451691CHG5609857               TRANSFER TO 38070499378                           ONE97 COMMUNICATIONS / 	99922	"1,301.00"	 	"8,61,668.57"
22-May-21	22-May-21	   TO TRANSFER-INB--	20210522169488995964CHG5609873               TRANSFER TO 38070499469                           ONE97 COMMUNICATIONS / 	99922	"1,792.42"	 	"8,59,876.15"
24-May-21	24-May-21	   BULK POSTING-CR_TAMILNADU SANITARY STO             05549442  23--	 / 	16899	 	"3,913.68"	"8,63,789.83"
							
**This is a computer generated statement and does not require a signature							
