Account Name       :                	TAMILNADU SANITARY STORES						
Address            :	"NO 143,  KUTCHERY ROAD,  MYLAPORE  Chennai"						
                                    	CHENNAI						
                                    	TAMILNADU-600004						
                                    	India						
Date               :                	04-May-21						
Account Number     :	_00000030976446269						
Account Description:	CA-REGULAR-PUB-OTH-ALL-INR						
Branch             :	SANTHOME						
Drawing Power      :	0						
Interest Rate(% p.a.):	0						
MOD Balance      :	0						
CIF No.          :	_85676868920						
IFS Code         :	SBIN0040236						
MICR Code        :	_600002332						
Balance on 1 Apr 2021        :	"9,81,907.76"						
Start Date          :	01-Apr-21						
End Date            :	30-Apr-21						
Txn Date	Value Date	Description	Ref No./Cheque No.	Branch Code	        Debit	Credit	Balance
02-Apr-21	02-Apr-21	   BULK POSTING-CR_TAMILNADU SANITARY STO             05549442  01--	 / 	16899	 	"16,565.43"	"9,98,473.19"
02-Apr-21	02-Apr-21	   TO TRANSFER-INB NEFT UTR NO: SBIN321092471370--Aravind Ceramic Industries LTD	NEFT INB: CNABKICER7                              TRANSFER TO 3197944044306 / Aravind Ceramic Industries LTD	99922	"75,000.00"	 	"9,23,473.19"
02-Apr-21	02-Apr-21	   TO TRANSFER-INB NEFT UTR NO: SBIN321092475189--Aravind Ceramic Industries LTD	NEFT INB: CNABKICII3                              TRANSFER TO 3197944044306 / Aravind Ceramic Industries LTD	99922	"71,360.00"	 	"8,52,113.19"
03-Apr-21	03-Apr-21	   BULK POSTING-CR_TAMILNADU SANITARY STO             05549442  02--	 / 	16899	 	"14,468.50"	"8,66,581.69"
03-Apr-21	03-Apr-21	   CASH DEPOSIT-CASH DEPOSIT SELF--	 / 	40236	 	"60,552.00"	"9,27,133.69"
03-Apr-21	03-Apr-21	   CASH DEPOSIT-CASH DEPOSIT SELF--	 / 	40236	 	"14,500.00"	"9,41,633.69"
04-Apr-21	04-Apr-21	   TO TRANSFER-INB NEFT UTR NO: SBIN421094763630--WATERTEC INDIA PVT LTD	NEFT INB: CNABKJOTL4                              TRANSFER TO 3197944044306 / WATERTEC INDIA PVT LTD	99922	"17,952.00"	 	"9,23,681.69"
04-Apr-21	04-Apr-21	   TO TRANSFER-INB NEFT UTR NO: SBIN421094765494--K M CERAMICS	NEFT INB: CNABKJOUQ8                              TRANSFER TO 3197944044306 / K M CERAMICS	99922	"20,900.00"	 	"9,02,781.69"
04-Apr-21	04-Apr-21	   TO TRANSFER-INB NEFT UTR NO: SBIN421094765200--AAA PEE Appliances	NEFT INB: CNABKJOUT1                              TRANSFER TO 3197944044306 / AAA PEE Appliances	99922	"9,499.00"	 	"8,93,282.69"
04-Apr-21	04-Apr-21	   TO TRANSFER-INB NEFT UTR NO: SBIN421094765265--Andavar Marketing PVT LTD	NEFT INB: CNABKJOWO4                              TRANSFER TO 3197944044306 / Andavar Marketing PVT LTD	99922	"3,490.00"	 	"8,89,792.69"
04-Apr-21	04-Apr-21	   BY TRANSFER-INB IMPS/P2A/UA0373607208/XXXXXXX269SBIN--	UA0373607208MOAEFTVYW1               TRANSFER FROM 54006217701                         Mrs. RAMANI  EASWARAN / 	99922	 	"24,740.00"	"9,14,532.69"
04-Apr-21	04-Apr-21	   BULK POSTING-CR_TAMILNADU SANITARY STO             05549442  03--	 / 	16899	 	"4,323.59"	"9,18,856.28"
05-Apr-21	05-Apr-21	   CASH DEPOSIT-CASH DEPOSIT SELF--	 / 	40236	 	"8,000.00"	"9,26,856.28"
06-Apr-21	06-Apr-21	   BULK POSTING-CR_TAMILNADU SANITARY STO             05549442  05--	 / 	16899	 	538.45	"9,27,394.73"
06-Apr-21	06-Apr-21	BY CLEARING / CHEQUE-CHB   600036004-000166 600002332--166	 / 166	10395	 	"5,410.00"	"9,32,804.73"
06-Apr-21	06-Apr-21	BY CLEARING / CHEQUE-KVB   600053009-000242 600002332--242	 / 242	10395	 	"50,000.00"	"9,82,804.73"
07-Apr-21	07-Apr-21	   TO TRANSFER-INB NEFT UTR NO: SBIN121097994256--Mylapore Gardens Residents Associat	NEFT INB: CNABKMDMK4                              TRANSFER TO 3197944044306 / Mylapore Gardens Residents Associat	99922	"4,000.00"	 	"9,78,804.73"
07-Apr-21	07-Apr-21	   TO TRANSFER-INB NEFT UTR NO: SBIN121097994751--Andavar Marketing PVT LTD	NEFT INB: CNABKMDMR9                              TRANSFER TO 3197944044306 / Andavar Marketing PVT LTD	99922	"35,678.00"	 	"9,43,126.73"
07-Apr-21	07-Apr-21	   TO TRANSFER-INB NEFT UTR NO: SBIN121097995467--D S Associates	NEFT INB: CNABKMDOQ9                              TRANSFER TO 3197944044306 / D S Associates	99922	"15,000.00"	 	"9,28,126.73"
07-Apr-21	07-Apr-21	   TO TRANSFER-INB NEFT UTR NO: SBIN121097996381--D S Associates	NEFT INB: CNABKMDPN2                              TRANSFER TO 3197944044306 / D S Associates	99922	"8,638.00"	 	"9,19,488.73"
07-Apr-21	07-Apr-21	   TO TRANSFER-INB NEFT UTR NO: SBIN121097997107--Sri Kesava Traders	NEFT INB: CNABKMDQU9                              TRANSFER TO 3197944044306 / Sri Kesava Traders	99922	"7,060.00"	 	"9,12,428.73"
07-Apr-21	07-Apr-21	   TO TRANSFER-INB NEFT UTR NO: SBIN121097998051--TRISHLA AGENCIES	NEFT INB: CNABKMDRC2                              TRANSFER TO 3197944044306 / TRISHLA AGENCIES	99922	"1,442.00"	 	"9,10,986.73"
07-Apr-21	07-Apr-21	   TO TRANSFER-INB NEFT UTR NO: SBIN121097998374--NOBEL TILES WORLD	NEFT INB: CNABKMDRV2                              TRANSFER TO 3197944044306 / NOBEL TILES WORLD	99922	"13,615.00"	 	"8,97,371.73"
07-Apr-21	07-Apr-21	   TO TRANSFER-INB NEFT UTR NO: SBIN121097998650--AJANTHA BATHROOM PRODUCTS AND PIPES	NEFT INB: CNABKMDSK2                              TRANSFER TO 3197944044306 / AJANTHA BATHROOM PRODUCTS AND PIPES	99922	"22,944.00"	 	"8,74,427.73"
07-Apr-21	07-Apr-21	   TO TRANSFER-INB NEFT UTR NO: SBIN221097000089--Sattar Sanitary Stores	NEFT INB: CNABKMDUB8                              TRANSFER TO 3197944044306 / Sattar Sanitary Stores	99922	"11,421.00"	 	"8,63,006.73"
07-Apr-21	07-Apr-21	   CASH DEPOSIT-CASH DEPOSIT SELF--	 / 	40236	 	"77,000.00"	"9,40,006.73"
08-Apr-21	08-Apr-21	TO CLEARING-HDF   NATIONALCERAMICCENTRE--555439	 / 555439	10395	"2,400.00"	 	"9,37,606.73"
08-Apr-21	08-Apr-21	   TO TRANSFER-INB Salary Payment--	CTN3706439               TRANSFER TO 32950808735                           Mr. KASI  R / 	99922	"17,000.00"	 	"9,20,606.73"
08-Apr-21	08-Apr-21	   TO TRANSFER-INB Salary Payment--	CTN3706696               TRANSFER TO 31054735034                           Mr. NOUSHAD  ABDUL SAL / 	99922	"14,500.00"	 	"9,06,106.73"
08-Apr-21	08-Apr-21	   BULK POSTING-CR_TAMILNADU SANITARY STO             05549442  07--	 / 	16899	 	"1,787.44"	"9,07,894.17"
09-Apr-21	09-Apr-21	   BULK POSTING-CR_TAMILNADU SANITARY STO             05549442  08--	 / 	16899	 	"4,000.00"	"9,11,894.17"
09-Apr-21	09-Apr-21	   CSH DEP (CDM)-9092052786--	 / 	4292	 	"28,000.00"	"9,39,894.17"
10-Apr-21	10-Apr-21	   TO TRANSFER-INB NEFT UTR NO: SBIN121100359166--ABHIVAIRAVANS PLUMBING CO	NEFT INB: CNABKPTAS4                              TRANSFER TO 3197944044306 / ABHIVAIRAVANS PLUMBING CO	99922	"12,656.00"	 	"9,27,238.17"
10-Apr-21	10-Apr-21	   TO TRANSFER-INB NEFT UTR NO: SBIN121100359242--Shabbir Sanitary Stores	NEFT INB: CNABKPTBK5                              TRANSFER TO 3197944044306 / Shabbir Sanitary Stores	99922	"7,953.00"	 	"9,19,285.17"
10-Apr-21	10-Apr-21	   TO TRANSFER-INB NEFT UTR NO: SBIN121100359336--PROVIDENT MARKETING	NEFT INB: CNABKPTBO0                              TRANSFER TO 3197944044306 / PROVIDENT MARKETING	99922	"4,844.00"	 	"9,14,441.17"
10-Apr-21	10-Apr-21	   TO TRANSFER-INB NEFT UTR NO: SBIN121100359963--GUPTA SALES CORPORATION	NEFT INB: CNABKPTBS8                              TRANSFER TO 3197944044306 / GUPTA SALES CORPORATION	99922	"5,605.00"	 	"9,08,836.17"
10-Apr-21	10-Apr-21	   TO TRANSFER-INB NEFT UTR NO: SBIN121100361207--SHYAMS ENTERPRISES	NEFT INB: CNABKPTDH5                              TRANSFER TO 3197944044306 / SHYAMS ENTERPRISES	99922	"2,624.00"	 	"9,06,212.17"
10-Apr-21	10-Apr-21	   TO TRANSFER-INB NEFT UTR NO: SBIN121100361384--MANGALAM SANITARY	NEFT INB: CNABKPTFL9                              TRANSFER TO 3197944044306 / MANGALAM SANITARY	99922	"7,098.00"	 	"8,99,114.17"
10-Apr-21	10-Apr-21	   TO TRANSFER-INB NEFT UTR NO: SBIN121100364280--SRI SENI Enterprises	NEFT INB: CNABKPTJW5                              TRANSFER TO 3197944044306 / SRI SENI Enterprises	99922	"15,862.00"	 	"8,83,252.17"
10-Apr-21	10-Apr-21	   TO TRANSFER-INB NEFT UTR NO: SBIN121100363922--Sattar Sanitary Stores	NEFT INB: CNABKPTKA0                              TRANSFER TO 3197944044306 / Sattar Sanitary Stores	99922	"11,406.00"	 	"8,71,846.17"
10-Apr-21	10-Apr-21	   TO TRANSFER-INB NEFT UTR NO: SBIN121100364542--ENFIELD TILES	NEFT INB: CNABKPTKE1                              TRANSFER TO 3197944044306 / ENFIELD TILES	99922	"7,142.00"	 	"8,64,704.17"
10-Apr-21	10-Apr-21	   TO TRANSFER-INB NEFT UTR NO: SBIN121100365088--NOVELTY	NEFT INB: CNABKPTLX4                              TRANSFER TO 3197944044306 / NOVELTY	99922	"7,976.00"	 	"8,56,728.17"
10-Apr-21	10-Apr-21	   TO TRANSFER-INB NEFT UTR NO: SBIN121100364898--VASSAVI TRADERS	NEFT INB: CNABKPTMB6                              TRANSFER TO 3197944044306 / VASSAVI TRADERS	99922	"7,016.00"	 	"8,49,712.17"
10-Apr-21	10-Apr-21	   TO TRANSFER-INB NEFT UTR NO: SBIN121100365648--TRISHLA AGENCIES	NEFT INB: CNABKPTMI3                              TRANSFER TO 3197944044306 / TRISHLA AGENCIES	99922	"2,173.00"	 	"8,47,539.17"
10-Apr-21	10-Apr-21	   TO TRANSFER-INB NEFT UTR NO: SBIN121100365760--TRISHLA CORPORATION	NEFT INB: CNABKPTMM6                              TRANSFER TO 3197944044306 / TRISHLA CORPORATION	99922	"2,784.00"	 	"8,44,755.17"
10-Apr-21	10-Apr-21	   TO TRANSFER-INB NEFT UTR NO: SBIN121100365892--NOBEL TILES WORLD	NEFT INB: CNABKPTMS8                              TRANSFER TO 3197944044306 / NOBEL TILES WORLD	99922	"14,945.00"	 	"8,29,810.17"
10-Apr-21	10-Apr-21	   TO TRANSFER-INB NEFT UTR NO: SBIN121100367552--NOBEL TILES WORLD	NEFT INB: CNABKPTMY9                              TRANSFER TO 3197944044306 / NOBEL TILES WORLD	99922	"26,150.00"	 	"8,03,660.17"
10-Apr-21	10-Apr-21	   BY TRANSFER-NEFTRR-SBIN121100359242-FBAPI000102 = Error in Def--	TRANSFER FROM 3199304402368 / 	4430	 	"7,953.00"	"8,11,613.17"
10-Apr-21	10-Apr-21	   BULK POSTING-CR_TAMILNADU SANITARY STO             05549442  09--	 / 	16899	 	"18,224.51"	"8,29,837.68"
11-Apr-21	11-Apr-21	   BULK POSTING-CR_TAMILNADU SANITARY STO             05549442  10--	 / 	16899	 	"10,546.85"	"8,40,384.53"
12-Apr-21	12-Apr-21	   TO TRANSFER-INB NEFT UTR NO: SBIN121102882760--Andavar Marketing PVT LTD	NEFT INB: CNABKQVXZ1                              TRANSFER TO 3197944044306 / Andavar Marketing PVT LTD	99922	"19,936.00"	 	"8,20,448.53"
12-Apr-21	12-Apr-21	   CASH DEPOSIT-CASH DEPOSIT SELF--	 / 	40236	 	"75,000.00"	"8,95,448.53"
13-Apr-21	13-Apr-21	TO CLEARING-HDF   NATIONALCERAMICCENTRE--555440	 / 555440	10395	"11,040.00"	 	"8,84,408.53"
13-Apr-21	13-Apr-21	   TO TRANSFER-INB NEFT UTR NO: SBIN321103217963--D S Associates	NEFT INB: CNABKSBHA6                              TRANSFER TO 3197944044306 / D S Associates	99922	"12,071.00"	 	"8,72,337.53"
13-Apr-21	13-Apr-21	   TO TRANSFER-INB NEFT UTR NO: SBIN321103219136--Germa Sanitarywares PVT LTD	NEFT INB: CNABKSBHL0                              TRANSFER TO 3197944044306 / Germa Sanitarywares PVT LTD	99922	"5,225.00"	 	"8,67,112.53"
13-Apr-21	13-Apr-21	   TO TRANSFER-INB NEFT UTR NO: SBIN321103219695--K M CERAMICS	NEFT INB: CNABKSBJB0                              TRANSFER TO 3197944044306 / K M CERAMICS	99922	"10,000.00"	 	"8,57,112.53"
13-Apr-21	13-Apr-21	   TO TRANSFER-INB NEFT UTR NO: SBIN321103220043--K M CERAMICS	NEFT INB: CNABKSBIM5                              TRANSFER TO 3197944044306 / K M CERAMICS	99922	"13,200.00"	 	"8,43,912.53"
13-Apr-21	13-Apr-21	   TO TRANSFER-INB Payment towards Invoice/Bill--	CTN4386242               TRANSFER TO 31547097771                           KHUZEMA MAMUWALA AND C / 	99922	"6,058.00"	 	"8,37,854.53"
13-Apr-21	13-Apr-21	   TO TRANSFER-INB NEFT UTR NO: SBIN321103220483--VALLI STEEL INDUSTRIES PVT LTD	NEFT INB: CNABKSBLF4                              TRANSFER TO 3197944044306 / VALLI STEEL INDUSTRIES PVT LTD	99922	"5,268.00"	 	"8,32,586.53"
13-Apr-21	13-Apr-21	   TO TRANSFER-INB NEFT UTR NO: SBIN321103221216--SHYAMS ENTERPRISES	NEFT INB: CNABKSBLK2                              TRANSFER TO 3197944044306 / SHYAMS ENTERPRISES	99922	"1,097.00"	 	"8,31,489.53"
13-Apr-21	13-Apr-21	   BULK POSTING-CR_TAMILNADU SANITARY STO             05549442  12--	 / 	16899	 	"4,515.27"	"8,36,004.80"
13-Apr-21	13-Apr-21	BY CLEARING / CHEQUE-IOB   600020028-944889 600002332--944889	 / 944889	10395	 	"4,300.00"	"8,40,304.80"
13-Apr-21	13-Apr-21	   CSH DEP (CDM)-9092052786--	 / 	4292	 	"11,500.00"	"8,51,804.80"
13-Apr-21	13-Apr-21	   BY TRANSFER-NEFT*IOBA0001046*IOBAN21103496156*CHEMPLAST SANMAR--	TRANSFER FROM 3199680044308 / 	4430	 	"1,520.00"	"8,53,324.80"
14-Apr-21	14-Apr-21	   BULK POSTING-CR_TAMILNADU SANITARY STO             05549442  13--	 / 	16899	 	"1,940.00"	"8,55,264.80"
15-Apr-21	15-Apr-21	   TO TRANSFER-INB NEFT UTR NO: SBIN421105243326--Andavar Marketing PVT LTD	NEFT INB: CNABKTPRK9                              TRANSFER TO 3197944044306 / Andavar Marketing PVT LTD	99922	"30,000.00"	 	"8,25,264.80"
15-Apr-21	15-Apr-21	   TO TRANSFER-INB NEFT UTR NO: SBIN421105243529--Andavar Marketing PVT LTD	NEFT INB: CNABKTPQU6                              TRANSFER TO 3197944044306 / Andavar Marketing PVT LTD	99922	"20,916.00"	 	"8,04,348.80"
15-Apr-21	15-Apr-21	   TO TRANSFER-INB NEFT UTR NO: SBIN421105243667--Galaxy Sales Trading Corporation	NEFT INB: CNABKTPQY2                              TRANSFER TO 3197944044306 / Galaxy Sales Trading Corporation	99922	"2,590.00"	 	"8,01,758.80"
15-Apr-21	15-Apr-21	   TO TRANSFER-INB NEFT UTR NO: SBIN421105243840--NOBEL TILES WORLD	NEFT INB: CNABKTPRV3                              TRANSFER TO 3197944044306 / NOBEL TILES WORLD	99922	"11,920.00"	 	"7,89,838.80"
15-Apr-21	15-Apr-21	   CASH DEPOSIT-CASH DEPOSIT SELF--	 / 	40236	 	"51,000.00"	"8,40,838.80"
16-Apr-21	16-Apr-21	   CASH DEPOSIT-CASH DEPOSIT SELF--	 / 	40236	 	"10,000.00"	"8,50,838.80"
16-Apr-21	16-Apr-21	   CASH DEPOSIT-CASH DEPOSIT SELF--	 / 	40236	 	"11,500.00"	"8,62,338.80"
16-Apr-21	16-Apr-21	BY CLEARING / CHEQUE-IOB   600020016-948254 600002332--948254	 / 948254	10395	 	"3,520.00"	"8,65,858.80"
16-Apr-21	16-Apr-21	BY CLEARING / CHEQUE-HDF   600240039-000131 600002332--131	 / 131	10395	 	"6,600.00"	"8,72,458.80"
17-Apr-21	17-Apr-21	   TO TRANSFER-INB NEFT UTR NO: SBIN121107224012--Andavar Marketing PVT LTD	NEFT INB: CNABKVNDA6                              TRANSFER TO 3197944044306 / Andavar Marketing PVT LTD	99922	"15,174.00"	 	"8,57,284.80"
17-Apr-21	17-Apr-21	   TO TRANSFER-INB NEFT UTR NO: SBIN121107223778--G Shanmugam Traders	NEFT INB: CNABKVNDX2                              TRANSFER TO 3197944044306 / G Shanmugam Traders	99922	"2,825.00"	 	"8,54,459.80"
17-Apr-21	17-Apr-21	   TO TRANSFER-INB NEFT UTR NO: SBIN121107224549--TRISHLA CORPORATION	NEFT INB: CNABKVNFD6                              TRANSFER TO 3197944044306 / TRISHLA CORPORATION	99922	"2,819.00"	 	"8,51,640.80"
17-Apr-21	17-Apr-21	   TO TRANSFER-INB--	347355571CHG3816510               TRANSFER TO 30552730897                           TANGEDCO / 	99922	"2,999.00"	 	"8,48,641.80"
17-Apr-21	17-Apr-21	   BULK POSTING-CR_TAMILNADU SANITARY STO             05549442  16--	 / 	16899	 	"39,800.00"	"8,88,441.80"
17-Apr-21	17-Apr-21	   CASH DEPOSIT-CASH DEPOSIT SELF--	 / 	40236	 	"32,000.00"	"9,20,441.80"
17-Apr-21	17-Apr-21	   BY TRANSFER-INB IMPS110716068099/9840031436/XX5236/--	MAA000749804659          MAA000749804659          TRANSFER FROM 4898029162093 / 	99922	 	"5,900.00"	"9,26,341.80"
18-Apr-21	18-Apr-21	   TO TRANSFER-INB Commission of CHG3816510---	CHG3816510CX90553824               TRANSFER TO 3197691073477 / 	99922	11.8	 	"9,26,330.00"
18-Apr-21	18-Apr-21	   TO TRANSFER-INB NEFT UTR NO: SBIN121108978278--Aravind Ceramic Industries LTD	NEFT INB: CNABKWLQF1                              TRANSFER TO 3197944044306 / Aravind Ceramic Industries LTD	99922	"22,608.00"	 	"9,03,722.00"
18-Apr-21	18-Apr-21	   TO TRANSFER-INB NEFT UTR NO: SBIN121108978359--TRISHLA AGENCIES	NEFT INB: CNABKWLRC9                              TRANSFER TO 3197944044306 / TRISHLA AGENCIES	99922	"5,449.00"	 	"8,98,273.00"
18-Apr-21	18-Apr-21	   TO TRANSFER-INB NEFT UTR NO: SBIN121108979521--Andavar Marketing PVT LTD	NEFT INB: CNABKWLRN4                              TRANSFER TO 3197944044306 / Andavar Marketing PVT LTD	99922	"25,000.00"	 	"8,73,273.00"
18-Apr-21	18-Apr-21	   BULK POSTING-CR_TAMILNADU SANITARY STO             05549442  17--	 / 	16899	 	"9,721.28"	"8,82,994.28"
19-Apr-21	19-Apr-21	TO CLEARING-ICI   AKSARA MARKETING  PVT L--555442	 / 555442	10395	"11,820.00"	 	"8,71,174.28"
19-Apr-21	19-Apr-21	   BULK POSTING-CR_TAMILNADU SANITARY STO             05549442  18--	 / 	16899	 	"2,828.14"	"8,74,002.42"
20-Apr-21	20-Apr-21	   TO TRANSFER-INB--	12788017377CHG3989968               TRANSFER TO 4599562162095 / 	99922	"1,296.82"	 	"8,72,705.60"
20-Apr-21	20-Apr-21	   TO TRANSFER-INB--	110140019859CHG3990367               TRANSFER TO 4599225162090 / 	99922	"1,417.18"	 	"8,71,288.42"
20-Apr-21	20-Apr-21	   TO TRANSFER-INB--	347855302CHG3990655               TRANSFER TO 30552730897                           TANGEDCO / 	99922	"2,176.00"	 	"8,69,112.42"
20-Apr-21	20-Apr-21	   CASH DEPOSIT-CASH DEPOSIT SELF--	 / 	40236	 	"60,000.00"	"9,29,112.42"
20-Apr-21	20-Apr-21	   BULK POSTING-CR_TAMILNADU SANITARY STO             05549442  19--	 / 	16899	 	"78,934.30"	"10,08,046.72"
20-Apr-21	20-Apr-21	BY CLEARING / CHEQUE-IOB   600020016-199602 600002332--199602	 / 199602	10395	 	"10,000.00"	"10,18,046.72"
20-Apr-21	20-Apr-21	   TO TRANSFER-INB--	21043300334863CKQ2896867               TRANSFER TO 36959637341                           POOLING ACCOUNT GST-MM / 	99922	"34,353.00"	 	"9,83,693.72"
21-Apr-21	21-Apr-21	   TO TRANSFER-INB Commission of CHG3990655---	CHG3990655CX90603194               TRANSFER TO 3197691073477 / 	99922	11.8	 	"9,83,681.92"
21-Apr-21	21-Apr-21	CHEQUE WDL- TO GOLDEN HARDWARE CENTRE--555441	TRANSFER FROM 32818937606                         GOLDEN HARDWARE CENTRE / 555441	40236	"12,535.00"	 	"9,71,146.92"
22-Apr-21	22-Apr-21	   BULK POSTING-CR_TAMILNADU SANITARY STO             05549442  21--	 / 	16899	 	"6,631.50"	"9,77,778.42"
22-Apr-21	22-Apr-21	   TO TRANSFER-INB NEFT UTR NO: SBIN421112572987--ABHIVAIRAVANS PLUMBING CO	NEFT INB: CNABKZQAP1                              TRANSFER TO 3197944044306 / ABHIVAIRAVANS PLUMBING CO	99922	"10,000.00"	 	"9,67,778.42"
22-Apr-21	22-Apr-21	   TO TRANSFER-INB NEFT UTR NO: SBIN421112575954--PROVIDENT MARKETING	NEFT INB: CNABKZQBX7                              TRANSFER TO 3197944044306 / PROVIDENT MARKETING	99922	"4,640.00"	 	"9,63,138.42"
22-Apr-21	22-Apr-21	   TO TRANSFER-INB NEFT UTR NO: SBIN421112577258--SHYAMS ENTERPRISES	NEFT INB: CNABKZQET1                              TRANSFER TO 3197944044306 / SHYAMS ENTERPRISES	99922	"8,522.00"	 	"9,54,616.42"
22-Apr-21	22-Apr-21	   TO TRANSFER-INB NEFT UTR NO: SBIN421112580861--MANGALAM SANITARY	NEFT INB: CNABKZQGE1                              TRANSFER TO 3197944044306 / MANGALAM SANITARY	99922	"4,481.00"	 	"9,50,135.42"
22-Apr-21	22-Apr-21	   TO TRANSFER-INB NEFT UTR NO: SBIN421112581798--D S Associates	NEFT INB: CNABKZQGP5                              TRANSFER TO 3197944044306 / D S Associates	99922	"16,256.00"	 	"9,33,879.42"
22-Apr-21	22-Apr-21	   TO TRANSFER-INB NEFT UTR NO: SBIN421112584346--Madhup Distributors	NEFT INB: CNABKZQIP7                              TRANSFER TO 3197944044306 / Madhup Distributors	99922	"10,000.00"	 	"9,23,879.42"
22-Apr-21	22-Apr-21	   TO TRANSFER-INB NEFT UTR NO: SBIN421112585196--Madhup Distributors	NEFT INB: CNABKZQIX9                              TRANSFER TO 3197944044306 / Madhup Distributors	99922	"1,872.00"	 	"9,22,007.42"
22-Apr-21	22-Apr-21	   TO TRANSFER-INB NEFT UTR NO: SBIN421112586658--SRI SENI Enterprises	NEFT INB: CNABKZQKV6                              TRANSFER TO 3197944044306 / SRI SENI Enterprises	99922	"14,797.00"	 	"9,07,210.42"
22-Apr-21	22-Apr-21	   TO TRANSFER-INB NEFT UTR NO: SBIN421112588218--Sattar Sanitary Stores	NEFT INB: CNABKZQLI6                              TRANSFER TO 3197944044306 / Sattar Sanitary Stores	99922	"9,403.00"	 	"8,97,807.42"
22-Apr-21	22-Apr-21	   TO TRANSFER-INB NEFT UTR NO: SBIN421112589188--AJANTHA BATHROOM PRODUCTS AND PIPES	NEFT INB: CNABKZQMX4                              TRANSFER TO 3197944044306 / AJANTHA BATHROOM PRODUCTS AND PIPES	99922	"20,000.00"	 	"8,77,807.42"
22-Apr-21	22-Apr-21	BY CLEARING / CHEQUE-CBI   600016030-132708 600002332--132708	 / 132708	10395	 	"18,073.00"	"8,95,880.42"
22-Apr-21	22-Apr-21	BY CLEARING / CHEQUE-UBI   600026007-218161 600002332--218161	 / 218161	10395	 	660	"8,96,540.42"
22-Apr-21	22-Apr-21	   BY TRANSFER-UPI/CR/111280257990/PADMINI /HDFC/9444415022/NA--	TRANSFER FROM 5099070162099 / 	40236	 	750	"8,97,290.42"
23-Apr-21	23-Apr-21	   CASH DEPOSIT-CASH DEPOSIT SELF--	 / 	40236	 	"10,500.00"	"9,07,790.42"
23-Apr-21	23-Apr-21	BY CLEARING / CHEQUE-INB   600019013-432931 600002332--432931	 / 432931	10395	 	"2,250.00"	"9,10,040.42"
23-Apr-21	23-Apr-21	   TO TRANSFER-INB NEFT UTR NO: SBIN521113914711--NOVELTY	NEFT INB: CNABLAWEB6                              TRANSFER TO 3197944044306 / NOVELTY	99922	"4,699.00"	 	"9,05,341.42"
23-Apr-21	23-Apr-21	   TO TRANSFER-INB NEFT UTR NO: SBIN521113916583--TRISHLA AGENCIES	NEFT INB: CNABLAWEM7                              TRANSFER TO 3197944044306 / TRISHLA AGENCIES	99922	"8,508.00"	 	"8,96,833.42"
23-Apr-21	23-Apr-21	   TO TRANSFER-INB Payment towards Invoice/Bill--	CTN5664683               TRANSFER TO 57002369188                           NELLAI CERAMIC CENTRE / 	99922	"5,820.00"	 	"8,91,013.42"
23-Apr-21	23-Apr-21	   TO TRANSFER-INB Payment towards Invoice/Bill--	CTN5664755               TRANSFER TO 31547097771                           KHUZEMA MAMUWALA AND C / 	99922	"5,140.00"	 	"8,85,873.42"
24-Apr-21	24-Apr-21	   BULK POSTING-CR_TAMILNADU SANITARY STO             05549442  23--	 / 	16899	 	"9,294.79"	"8,95,168.21"
26-Apr-21	26-Apr-21	   TO TRANSFER-INB NEFT UTR NO: SBIN121116624717--Andavar Marketing PVT LTD	NEFT INB: CNABLCAOO5                              TRANSFER TO 3197944044306 / Andavar Marketing PVT LTD	99922	"22,697.00"	 	"8,72,471.21"
26-Apr-21	26-Apr-21	   TO TRANSFER-INB NEFT UTR NO: SBIN121116624797--Andavar Marketing PVT LTD	NEFT INB: CNABLCAPS6                              TRANSFER TO 3197944044306 / Andavar Marketing PVT LTD	99922	"13,311.00"	 	"8,59,160.21"
26-Apr-21	26-Apr-21	   TO TRANSFER-INB NEFT UTR NO: SBIN121116625512--NOBEL TILES WORLD	NEFT INB: CNABLCAQL1                              TRANSFER TO 3197944044306 / NOBEL TILES WORLD	99922	"19,155.00"	 	"8,40,005.21"
26-Apr-21	26-Apr-21	   TO TRANSFER-INB NEFT UTR NO: SBIN121116626529--AJANTHA BATHROOM PRODUCTS AND PIPES	NEFT INB: CNABLCARH1                              TRANSFER TO 3197944044306 / AJANTHA BATHROOM PRODUCTS AND PIPES	99922	"19,711.00"	 	"8,20,294.21"
26-Apr-21	26-Apr-21	CHEQUE DEPOSIT---615030	TRANSFER TO 39611147330                           MRM GRANITE PRODUCTS / 615030	40236	 	"76,250.00"	"8,96,544.21"
26-Apr-21	26-Apr-21	   CASH DEPOSIT-CASH DEPOSIT SELF--	 / 	40236	 	"17,500.00"	"9,14,044.21"
26-Apr-21	26-Apr-21	   CORR CHEQUE DEPOSIT-ERR CR REV--	TRANSFER TO 39611147330                           MRM GRANITE PRODUCTS / 	40236	"76,250.00"	 	"8,37,794.21"
27-Apr-21	27-Apr-21	   CASH DEPOSIT-CASH DEPOSIT SELF--	 / 	40236	 	"15,500.00"	"8,53,294.21"
27-Apr-21	27-Apr-21	   BULK POSTING-CR_TAMILNADU SANITARY STO             05549442  26--	 / 	16899	 	"20,986.54"	"8,74,280.75"
28-Apr-21	28-Apr-21	TO CLEARING-HDF   TNEB FORESHORE ESTATE--555444	 / 555444	10395	"1,667.00"	 	"8,72,613.75"
28-Apr-21	28-Apr-21	   TO TRANSFER-INB NEFT UTR NO: SBIN321118241745--Andavar Marketing PVT LTD	NEFT INB: CNABLDWUH5                              TRANSFER TO 3197944044306 / Andavar Marketing PVT LTD	99922	"26,436.00"	 	"8,46,177.75"
28-Apr-21	28-Apr-21	   TO TRANSFER-INB NEFT UTR NO: SBIN321118241962--NOBEL TILES WORLD	NEFT INB: CNABLDWUO0                              TRANSFER TO 3197944044306 / NOBEL TILES WORLD	99922	"20,000.00"	 	"8,26,177.75"
28-Apr-21	28-Apr-21	   TO TRANSFER-INB Payment towards Invoice/Bill--	CTN6119925               TRANSFER TO 31547097771                           KHUZEMA MAMUWALA AND C / 	99922	"2,196.00"	 	"8,23,981.75"
28-Apr-21	28-Apr-21	   CASH DEPOSIT-CASH DEPOSIT SELF--	 / 	40236	 	"28,000.00"	"8,51,981.75"
28-Apr-21	28-Apr-21	   BULK POSTING-CR_TAMILNADU SANITARY STO             05549442  27--	 / 	16899	 	"36,833.87"	"8,88,815.62"
28-Apr-21	28-Apr-21	   CASH DEPOSIT-CASH DEPOSIT SELF--	 / 	40236	 	"12,000.00"	"9,00,815.62"
28-Apr-21	28-Apr-21	BY CLEARING / CHEQUE-FBL   600049005-134926 600002332--134926	 / 134926	10395	 	"2,515.00"	"9,03,330.62"
28-Apr-21	28-Apr-21	BY CLEARING / CHEQUE-INB   600019035-955873 600002332--955873	 / 955873	10395	 	"3,160.00"	"9,06,490.62"
28-Apr-21	28-Apr-21	   BY TRANSFER-NEFT*UTIB0001165*AXIC211184796077*PLAST TECH ENGIN--	TRANSFER FROM 3199959044304 / 	4430	 	"14,450.00"	"9,20,940.62"
29-Apr-21	29-Apr-21	   TO TRANSFER-INB NEFT UTR NO: SBIN421119027093--PROVIDENT MARKETING	NEFT INB: CNABLESXJ8                              TRANSFER TO 3197944044306 / PROVIDENT MARKETING	99922	"5,535.00"	 	"9,15,405.62"
29-Apr-21	29-Apr-21	   TO TRANSFER-INB NEFT UTR NO: SBIN421119028186--Sri Kesava Traders	NEFT INB: CNABLESXD6                              TRANSFER TO 3197944044306 / Sri Kesava Traders	99922	"7,060.00"	 	"9,08,345.62"
29-Apr-21	29-Apr-21	   TO TRANSFER-INB NEFT UTR NO: SBIN421119029501--SHYAMS ENTERPRISES	NEFT INB: CNABLESYK3                              TRANSFER TO 3197944044306 / SHYAMS ENTERPRISES	99922	"8,000.00"	 	"9,00,345.62"
29-Apr-21	29-Apr-21	   TO TRANSFER-INB NEFT UTR NO: SBIN421119030209--MANGALAM SANITARY	NEFT INB: CNABLESXW7                              TRANSFER TO 3197944044306 / MANGALAM SANITARY	99922	"12,207.00"	 	"8,88,138.62"
29-Apr-21	29-Apr-21	   TO TRANSFER-INB NEFT UTR NO: SBIN421119030414--D S Associates	NEFT INB: CNABLESZP6                              TRANSFER TO 3197944044306 / D S Associates	99922	"29,467.00"	 	"8,58,671.62"
29-Apr-21	29-Apr-21	   TO TRANSFER-INB NEFT UTR NO: SBIN421119031165--SRI SENI Enterprises	NEFT INB: CNABLESZH8                              TRANSFER TO 3197944044306 / SRI SENI Enterprises	99922	"16,789.00"	 	"8,41,882.62"
29-Apr-21	29-Apr-21	   TO TRANSFER-INB NEFT UTR NO: SBIN421119031747--Sattar Sanitary Stores	NEFT INB: CNABLESZY8                              TRANSFER TO 3197944044306 / Sattar Sanitary Stores	99922	"17,566.00"	 	"8,24,316.62"
29-Apr-21	29-Apr-21	   TO TRANSFER-INB NEFT UTR NO: SBIN421119032502--K M CERAMICS	NEFT INB: CNABLETAG7                              TRANSFER TO 3197944044306 / K M CERAMICS	99922	"14,750.00"	 	"8,09,566.62"
29-Apr-21	29-Apr-21	   TO TRANSFER-INB NEFT UTR NO: SBIN421119032122--Shiv Shakti Agencies	NEFT INB: CNABLETBZ3                              TRANSFER TO 3197944044306 / Shiv Shakti Agencies	99922	"8,215.00"	 	"8,01,351.62"
29-Apr-21	29-Apr-21	   TO TRANSFER-INB NEFT UTR NO: SBIN421119032251--VALLI STEEL INDUSTRIES PVT LTD	NEFT INB: CNABLETBN3                              TRANSFER TO 3197944044306 / VALLI STEEL INDUSTRIES PVT LTD	99922	"4,975.00"	 	"7,96,376.62"
29-Apr-21	29-Apr-21	   TO TRANSFER-INB NEFT UTR NO: SBIN421119032427--SHRI Venkateswar Agency	NEFT INB: CNABLETBQ3                              TRANSFER TO 3197944044306 / SHRI Venkateswar Agency	99922	"6,250.00"	 	"7,90,126.62"
29-Apr-21	29-Apr-21	   BULK POSTING-CR_TAMILNADU SANITARY STO             05549442  28--	 / 	16899	 	"3,448.87"	"7,93,575.49"
29-Apr-21	29-Apr-21	CHEQUE WDL-CHEQUE TRANSFER TO--555448	TRANSFER FROM 20038598235                         Mr. ABBAS  HATIMBHOY K / 555448	40236	"33,000.00"	 	"7,60,575.49"
29-Apr-21	29-Apr-21	   CASH DEPOSIT-CASH DEPOSIT SELF--	 / 	40236	 	"6,000.00"	"7,66,575.49"
29-Apr-21	29-Apr-21	BY CLEARING / CHEQUE-IOB   600020016-199605 600002332--199605	 / 199605	10395	 	"13,893.00"	"7,80,468.49"
30-Apr-21	30-Apr-21	   BULK POSTING-CR_TAMILNADU SANITARY STO             05549442  29--	 / 	16899	 	"7,083.96"	"7,87,552.45"
30-Apr-21	30-Apr-21	   BY TRANSFER-INB IMPS/P2A/UA0381224425/XXXXXXX269SBIN--	UA0381224425MOAEJFXUF9               TRANSFER FROM 54006217701                         Mrs. RAMANI  EASWARAN / 	99922	 	"25,000.00"	"8,12,552.45"
30-Apr-21	30-Apr-21	   CASH DEPOSIT-CASH DEPOSIT SELF--	 / 	40236	 	"10,000.00"	"8,22,552.45"
30-Apr-21	30-Apr-21	BY CLEARING / CHEQUE-HDF   600240002-234844 600002332--234844	 / 234844	10395	 	"3,620.00"	"8,26,172.45"
							
**This is a computer generated statement and does not require a signature							
