Account Name       :                	TAMILNADU SANITARY STORES
Address            :	NO 143,  KUTCHERY ROAD,  MYLAPORE  Chennai
                                    	CHENNAI
                                    	TAMILNADU-600004
                                    	India
Date               :                	5 Sep 2022
Account Number     :	_00000030976446269
Account Description:	CA-REGULAR-PUB-OTH-ALL-INR
Branch             :	SANTHOME
Drawing Power      :	0.00
Interest Rate(% p.a.):	0.0
MOD Balance      :	0.00
CIF No.          :	_85676868920
IFS Code         :	SBIN0040236
MICR Code        :	_600002332
Balance on 1 Aug 2022        :	6,67,810.71
Start Date          :	1 Aug 2022
End Date            :	31 Aug 2022
Txn Date	Value Date	Description	Ref No./Cheque No.	Branch Code	        Debit	Credit	Balance	
1 Aug 2022	1 Aug 2022	   BULK POSTING-CR_TAMILNADU SANITARY STO     05549442        3007--	 / 	16899	 	1,683.24	6,69,493.95
2 Aug 2022	2 Aug 2022	TO CLEARING-HDF   NATIONALCERAMICCENTRE--250762	 / 250762	10395	5,700.00	 	6,63,793.95
3 Aug 2022	3 Aug 2022	   BY TRANSFER-NEFT*PUNB0438900*PUNBH22215918247*ZARINA SAYEED*--	TRANSFER FROM 3199961044301 / 	4430	 	4,000.00	6,67,793.95
8 Aug 2022	8 Aug 2022	   BY TRANSFER-UPI/CR/222018923553/ARUNKUMA/SBIN/arun1996.c/UPI--	TRANSFER FROM 4693049162094 / 	40236	 	3,630.00	6,71,423.95
8 Aug 2022	8 Aug 2022	   BY TRANSFER-NEFT*KKBK0000958*KKBK222207609324*SANMAR SHIPPING--	TRANSFER FROM 3199419044300 / 	4430	 	1,550.00	6,72,973.95
9 Aug 2022	9 Aug 2022	   TO TRANSFER-INB NEFT UTR NO: SBIN522221144883--Andavar Marketing PVT LTD	NEFT INB: CNACBPMKH9                              TRANSFER TO 4899157044304 / Andavar Marketing PVT LTD	99922	13,681.00	 	6,59,292.95
9 Aug 2022	9 Aug 2022	   TO TRANSFER-INB NEFT UTR NO: SBIN522221144212--Andavar Marketing PVT LTD	NEFT INB: CNACBPMKR4                              TRANSFER TO 4899157044304 / Andavar Marketing PVT LTD	99922	13,621.00	 	6,45,671.95
9 Aug 2022	9 Aug 2022	   TO TRANSFER-INB NEFT UTR NO: SBIN522221145827--NOBEL TILES WORLD	NEFT INB: CNACBPMKY1                              TRANSFER TO 4899157044304 / NOBEL TILES WORLD	99922	18,169.00	 	6,27,502.95
9 Aug 2022	9 Aug 2022	   TO TRANSFER-INB NEFT UTR NO: SBIN522221147578--NOBEL TILES WORLD	NEFT INB: CNACBPMLJ6                              TRANSFER TO 4899157044304 / NOBEL TILES WORLD	99922	16,000.00	 	6,11,502.95
9 Aug 2022	9 Aug 2022	   TO TRANSFER-INB NEFT UTR NO: SBIN522221148152--Hussain Sanitary Stores	NEFT INB: CNACBPMLR7                              TRANSFER TO 4899157044304 / Hussain Sanitary Stores	99922	1,218.00	 	6,10,284.95
9 Aug 2022	9 Aug 2022	   TO TRANSFER-INB NEFT UTR NO: SBIN522221146724--ASHOK SANITARYWARE	NEFT INB: CNACBPMNO9                              TRANSFER TO 4899157044304 / ASHOK SANITARYWARE	99922	1,460.00	 	6,08,824.95
9 Aug 2022	9 Aug 2022	   TO TRANSFER-INB Payment towards Invoice/Bill--	CTT4544989               TRANSFER TO 57002369188                           NELLAI CERAMIC CENTRE / 	99922	7,363.00	 	6,01,461.95
9 Aug 2022	9 Aug 2022	   TO TRANSFER-INB NEFT UTR NO: SBIN522221150956--K M CERAMICS	NEFT INB: CNACBPMPS4                              TRANSFER TO 4899157044304 / K M CERAMICS	99922	20,000.00	 	5,81,461.95
9 Aug 2022	9 Aug 2022	   TO TRANSFER-INB Salary Payment--	CTT4545213               TRANSFER TO 32950808735                           Mr. KASI  R / 	99922	17,000.00	 	5,64,461.95
9 Aug 2022	9 Aug 2022	   TO TRANSFER-INB NEFT UTR NO: SBIN522221152587--ARUNKUMAR MANOHARAN	NEFT INB: CNACBPMQJ4                              TRANSFER TO 4899157044304 / ARUNKUMAR MANOHARAN	99922	5,000.00	 	5,59,461.95
10 Aug 2022	10 Aug 2022	   TO TRANSFER-INB NEFT UTR NO: SBIN522222729067--D S Associates	NEFT INB: CNACBQMXQ6                              TRANSFER TO 4899157044304 / D S Associates	99922	12,589.00	 	5,46,872.95
10 Aug 2022	10 Aug 2022	   TO TRANSFER-INB NEFT UTR NO: SBIN522222730256--D S Associates	NEFT INB: CNACBQMYN4                              TRANSFER TO 4899157044304 / D S Associates	99922	12,000.00	 	5,34,872.95
10 Aug 2022	10 Aug 2022	   TO TRANSFER-INB NEFT UTR NO: SBIN522222729918--Sattar Sanitary Stores	NEFT INB: CNACBQMYU4                              TRANSFER TO 4899157044304 / Sattar Sanitary Stores	99922	15,151.00	 	5,19,721.95
10 Aug 2022	10 Aug 2022	   TO TRANSFER-INB NEFT UTR NO: SBIN522222730960--Sattar Sanitary Stores	NEFT INB: CNACBQNAP3                              TRANSFER TO 4899157044304 / Sattar Sanitary Stores	99922	15,052.00	 	5,04,669.95
10 Aug 2022	10 Aug 2022	   TO TRANSFER-INB NEFT UTR NO: SBIN522222732717--Lakshmi Hayagrivaa Maarketing	NEFT INB: CNACBQNBA5                              TRANSFER TO 4899157044304 / Lakshmi Hayagrivaa Maarketing	99922	5,000.00	 	4,99,669.95
10 Aug 2022	10 Aug 2022	   TO TRANSFER-INB NEFT UTR NO: SBIN522222733307--SRI KRISHNA DISTRIBUTORS	NEFT INB: CNACBQNCS6                              TRANSFER TO 4899157044304 / SRI KRISHNA DISTRIBUTORS	99922	7,229.00	 	4,92,440.95
10 Aug 2022	10 Aug 2022	   TO TRANSFER-INB NEFT UTR NO: SBIN522222733864--LEGEND	NEFT INB: CNACBQNEP8                              TRANSFER TO 4899157044304 / LEGEND	99922	3,958.00	 	4,88,482.95
10 Aug 2022	10 Aug 2022	   TO TRANSFER-INB NEFT UTR NO: SBIN522222734004--ASHA SANITATION	NEFT INB: CNACBQNEF1                              TRANSFER TO 4899157044304 / ASHA SANITATION	99922	8,395.00	 	4,80,087.95
10 Aug 2022	10 Aug 2022	   TO TRANSFER-INB NEFT UTR NO: SBIN522222735731--SHYAMS ENTERPRISES	NEFT INB: CNACBQNGV1                              TRANSFER TO 4899157044304 / SHYAMS ENTERPRISES	99922	3,269.00	 	4,76,818.95
10 Aug 2022	10 Aug 2022	   TO TRANSFER-INB NEFT UTR NO: SBIN522222736327--Parmeeth Distributors	NEFT INB: CNACBQNHG3                              TRANSFER TO 4899157044304 / Parmeeth Distributors	99922	1,968.00	 	4,74,850.95
10 Aug 2022	10 Aug 2022	   TO TRANSFER-INB NEFT UTR NO: SBIN522222738480--Shabbir Sanitary Stores	NEFT INB: CNACBQNKM6                              TRANSFER TO 4899157044304 / Shabbir Sanitary Stores	99922	15,000.00	 	4,59,850.95
10 Aug 2022	10 Aug 2022	   TO TRANSFER-INB NEFT UTR NO: SBIN522222739706--MANGALAM SANITARY	NEFT INB: CNACBQNNV4                              TRANSFER TO 4899157044304 / MANGALAM SANITARY	99922	7,303.00	 	4,52,547.95
10 Aug 2022	10 Aug 2022	   TO TRANSFER-INB NEFT UTR NO: SBIN522222739563--SRI SENI Enterprises	NEFT INB: CNACBQNOK9                              TRANSFER TO 4899157044304 / SRI SENI Enterprises	99922	16,080.00	 	4,36,467.95
10 Aug 2022	10 Aug 2022	   BULK POSTING-CR_TAMILNADU SANITARY STO     05549442        0908--	 / 	16899	 	18,946.63	4,55,414.58
10 Aug 2022	10 Aug 2022	   TO TRANSFER-INB NEFT UTR NO: SBIN522222741583--AJANTHA BATHROOM PRODUCTS AND PIPES	NEFT INB: CNACBQNQY2                              TRANSFER TO 4899157044304 / AJANTHA BATHROOM PRODUCTS AND PIPES	99922	10,054.00	 	4,45,360.58
10 Aug 2022	10 Aug 2022	   CASH DEPOSIT-CASH DEPOSIT SELF--	 / 	40236	 	50,000.00	4,95,360.58
11 Aug 2022	11 Aug 2022	TO CLEARING-KCU   AS MARKETINGNIRMALA E--250763	 / 250763	10395	1,115.00	 	4,94,245.58
11 Aug 2022	11 Aug 2022	   TO TRANSFER-INB Salary Payment--	CTT4846565               TRANSFER TO 31054735034                           Mr. NOUSHAD  ABDUL SAL / 	99922	15,000.00	 	4,79,245.58
11 Aug 2022	11 Aug 2022	   TO TRANSFER-INB NEFT UTR NO: SBIN222223327982--Andavar Marketing PVT LTD	NEFT INB: CNACBRVLU8                              TRANSFER TO 4899157044304 / Andavar Marketing PVT LTD	99922	2,055.00	 	4,77,190.58
11 Aug 2022	11 Aug 2022	   TO TRANSFER-INB NEFT UTR NO: SBIN222223328186--NOBEL TILES WORLD	NEFT INB: CNACBRVOO6                              TRANSFER TO 4899157044304 / NOBEL TILES WORLD	99922	9,376.00	 	4,67,814.58
11 Aug 2022	11 Aug 2022	   TO TRANSFER-INB NEFT UTR NO: SBIN222223329888--K N Industries	NEFT INB: CNACBRVOG7                              TRANSFER TO 4899157044304 / K N Industries	99922	8,450.00	 	4,59,364.58
11 Aug 2022	11 Aug 2022	   TO TRANSFER-INB NEFT UTR NO: SBIN222223330008--PROVIDENT MARKETING	NEFT INB: CNACBRVQB2                              TRANSFER TO 4899157044304 / PROVIDENT MARKETING	99922	5,241.00	 	4,54,123.58
11 Aug 2022	11 Aug 2022	   TO TRANSFER-INB ICICI_CC Payments--	YSBI1343821634CHK1504625               TRANSFER TO 3199604162094 / 	99922	3,249.00	 	4,50,874.58
11 Aug 2022	11 Aug 2022	   TO TRANSFER-INB--	15663186489CHK1506899               TRANSFER TO 4599566162091 / 	99922	1,320.42	 	4,49,554.16
11 Aug 2022	11 Aug 2022	   BULK POSTING-CR_TAMILNADU SANITARY STO     05548442        1008--	 / 	16899	 	2,633.09	4,52,187.25
11 Aug 2022	11 Aug 2022	   BULK POSTING-CR_TAMILNADU SANITARY STO     05549442        1008--	 / 	16899	 	20,400.00	4,72,587.25
12 Aug 2022	12 Aug 2022	   BULK POSTING-CR_TAMILNADU SANITARY STO     05548442        1108--	 / 	16899	 	7,792.01	4,80,379.26
12 Aug 2022	12 Aug 2022	   BULK POSTING-CR_TAMILNADU SANITARY STO     05549442        1108--	 / 	16899	 	8,925.00	4,89,304.26
12 Aug 2022	12 Aug 2022	   DEBIT-PoS Rent for TID-05548442-Jul'22--	 / 	16899	411.82	 	4,88,892.44
13 Aug 2022	13 Aug 2022	   BULK POSTING-CR_TAMILNADU SANITARY STO     05549442        1208--	 / 	16899	 	747.00	4,89,639.44
14 Aug 2022	14 Aug 2022	   TO TRANSFER-INB NEFT UTR NO: SBIN422226280898--Sattar Sanitary Stores	NEFT INB: CNACBUHOS2                              TRANSFER TO 4899157044304 / Sattar Sanitary Stores	99922	24,601.00	 	4,65,038.44
14 Aug 2022	14 Aug 2022	   TO TRANSFER-INB NEFT UTR NO: SBIN422226280466--Andavar Marketing PVT LTD	NEFT INB: CNACBUHOV8                              TRANSFER TO 4899157044304 / Andavar Marketing PVT LTD	99922	24,601.00	 	4,40,437.44
14 Aug 2022	14 Aug 2022	   TO TRANSFER-INB NEFT UTR NO: SBIN422226280508--D S Associates	NEFT INB: CNACBUHQL7                              TRANSFER TO 4899157044304 / D S Associates	99922	11,789.00	 	4,28,648.44
14 Aug 2022	14 Aug 2022	   TO TRANSFER-INB NEFT UTR NO: SBIN422226281045--D S Associates	NEFT INB: CNACBUHQO1                              TRANSFER TO 4899157044304 / D S Associates	99922	13,000.00	 	4,15,648.44
14 Aug 2022	14 Aug 2022	   TO TRANSFER-INB NEFT UTR NO: SBIN422226281080--SHYAMS ENTERPRISES	NEFT INB: CNACBUHQR2                              TRANSFER TO 4899157044304 / SHYAMS ENTERPRISES	99922	4,299.00	 	4,11,349.44
14 Aug 2022	14 Aug 2022	   TO TRANSFER-INB NEFT UTR NO: SBIN422226282111--GUPTA SALES CORPORATION	NEFT INB: CNACBUHQU4                              TRANSFER TO 4899157044304 / GUPTA SALES CORPORATION	99922	8,436.00	 	4,02,913.44
14 Aug 2022	14 Aug 2022	   TO TRANSFER-INB NEFT UTR NO: SBIN422226280701--MANGALAM SANITARY	NEFT INB: CNACBUHQV9                              TRANSFER TO 4899157044304 / MANGALAM SANITARY	99922	12,073.00	 	3,90,840.44
14 Aug 2022	14 Aug 2022	   TO TRANSFER-INB NEFT UTR NO: SBIN422226281204--Super Trading Corporation	NEFT INB: CNACBUHQY7                              TRANSFER TO 4899157044304 / Super Trading Corporation	99922	8,969.00	 	3,81,871.44
14 Aug 2022	14 Aug 2022	   TO TRANSFER-INB NEFT UTR NO: SBIN422226280776--Sattar Sanitary Stores	NEFT INB: CNACBUHRB7                              TRANSFER TO 4899157044304 / Sattar Sanitary Stores	99922	674.00	 	3,81,197.44
14 Aug 2022	14 Aug 2022	   BY TRANSFER-UPI/CR/222620075397/VASU R/IOBA/grvasuiyer/UPI--	TRANSFER FROM 5099327162092 / 	40236	 	4,500.00	3,85,697.44
15 Aug 2022	15 Aug 2022	   BY TRANSFER-UPI/CR/222728768316/Mr D BOO/IDIB/boopathydu/UPI--	TRANSFER FROM 5098812162097 / 	40236	 	2,910.00	3,88,607.44
16 Aug 2022	16 Aug 2022	   CASH DEPOSIT-CASH DEPOSIT SELF--	 / 	40236	 	1,12,000.00	5,00,607.44
16 Aug 2022	16 Aug 2022	   CASH DEPOSIT-CASH DEPOSIT SELF--	 / 	40236	 	19,000.00	5,19,607.44
16 Aug 2022	16 Aug 2022	   BULK POSTING-CR_TAMILNADU SANITARY STO     05548442        1308--	 / 	16899	 	5,617.27	5,25,224.71
16 Aug 2022	16 Aug 2022	   BULK POSTING-CR_TAMILNADU SANITARY STO     05549442        1308--	 / 	16899	 	4,965.35	5,30,190.06
16 Aug 2022	16 Aug 2022	   BULK POSTING-CR_TAMILNADU SANITARY STO     05548442        1408--	 / 	16899	 	1,135.64	5,31,325.70
16 Aug 2022	16 Aug 2022	   BULK POSTING-CR_TAMILNADU SANITARY STO     05549442        1408--	 / 	16899	 	2,040.00	5,33,365.70
16 Aug 2022	16 Aug 2022	   BULK POSTING-CR_TAMILNADU SANITARY STO     05548442        1508--	 / 	16899	 	636.35	5,34,002.05
16 Aug 2022	16 Aug 2022	   BULK POSTING-CR_TAMILNADU SANITARY STO     05549442        1508--	 / 	16899	 	1,711.62	5,35,713.67
16 Aug 2022	16 Aug 2022	   CASH DEPOSIT-CASH DEPOSIT SELF--	 / 	40236	 	17,000.00	5,52,713.67
16 Aug 2022	16 Aug 2022	   BY TRANSFER-NEFT*ICIC0000009*CMS2771504745*THG PUBLISHING PVT--	TRANSFER FROM 3199677044304 / 	4430	 	1,190.00	5,53,903.67
16 Aug 2022	16 Aug 2022	   BY TRANSFER-NEFT*ICIC0000009*CMS2771504746*THG PUBLISHING PVT--	TRANSFER FROM 3199966044306 / 	4430	 	2,620.00	5,56,523.67
16 Aug 2022	16 Aug 2022	   BY TRANSFER-NEFT*ICIC0000009*CMS2771504744*THG PUBLISHING PVT--	TRANSFER FROM 3199676044305 / 	4430	 	7,070.00	5,63,593.67
17 Aug 2022	17 Aug 2022	   BY TRANSFER-UPI/CR/222973404735/APARNA S/UTIB/aparnaseka/UPI--	TRANSFER FROM 4693258162096 / 	40236	 	500.00	5,64,093.67
17 Aug 2022	17 Aug 2022	   BY TRANSFER-UPI/CR/222973444215/APARNA S/UTIB/aparnaseka/UPI--	TRANSFER FROM 5099021162098 / 	40236	 	8,200.00	5,72,293.67
17 Aug 2022	17 Aug 2022	   BULK POSTING-CR_TAMILNADU SANITARY STO     05548442        1608--	 / 	16899	 	2,038.12	5,74,331.79
17 Aug 2022	17 Aug 2022	   BULK POSTING-CR_TAMILNADU SANITARY STO     05549442        1608--	 / 	16899	 	1,294.80	5,75,626.59
17 Aug 2022	17 Aug 2022	BY CLEARING / CHEQUE-AXS   600211002-408448 600002332--408448	 / 408448	10395	 	39,150.00	6,14,776.59
17 Aug 2022	17 Aug 2022	BY CLEARING / CHEQUE-KCU   600054035-000079 600002332--79	 / 79	10395	 	6,585.00	6,21,361.59
17 Aug 2022	17 Aug 2022	   TO TRANSFER-INB NEFT UTR NO: SBIN522229797364--Andavar Marketing PVT LTD	NEFT INB: CNACBWMHP9                              TRANSFER TO 4899157044304 / Andavar Marketing PVT LTD	99922	16,631.00	 	6,04,730.59
17 Aug 2022	17 Aug 2022	   TO TRANSFER-INB Payment towards Invoice/Bill--	CTT5470138               TRANSFER TO 57002369188                           NELLAI CERAMIC CENTRE / 	99922	6,521.00	 	5,98,209.59
17 Aug 2022	17 Aug 2022	   TO TRANSFER-INB NEFT UTR NO: SBIN522229801994--AJANTHA BATHROOM PRODUCTS AND PIPES	NEFT INB: CNACBWMIX7                              TRANSFER TO 4899157044304 / AJANTHA BATHROOM PRODUCTS AND PIPES	99922	13,000.00	 	5,85,209.59
17 Aug 2022	17 Aug 2022	   TO TRANSFER-INB NEFT UTR NO: SBIN522229805036--SRI SENI Enterprises	NEFT INB: CNACBWMMV2                              TRANSFER TO 4899157044304 / SRI SENI Enterprises	99922	9,373.00	 	5,75,836.59
18 Aug 2022	18 Aug 2022	   BULK POSTING-CR_TAMILNADU SANITARY STO     05549442        1708--	 / 	16899	 	6,450.76	5,82,287.35
19 Aug 2022	19 Aug 2022	TO CLEARING-KCU   AS MARKETINGNIRMALA E--250765	 / 250765	10395	2,690.00	 	5,79,597.35
19 Aug 2022	19 Aug 2022	   BULK POSTING-CR_TAMILNADU SANITARY STO     05549442        1808--	 / 	16899	 	22,045.53	6,01,642.88
19 Aug 2022	19 Aug 2022	   TO TRANSFER-INB--	22083300263620CKU5110079               TRANSFER TO 36959656738                           POOLING ACCOUNT GST-MM / 	99922	17,028.00	 	5,84,614.88
20 Aug 2022	20 Aug 2022	   CASH DEPOSIT-CASH DEPOSIT SELF--	 / 	40236	 	67,000.00	6,51,614.88
20 Aug 2022	20 Aug 2022	   TO TRANSFER-INB NEFT UTR NO: SBIN222232809013--Andavar Marketing PVT LTD	NEFT INB: CNACBYUBC6                              TRANSFER TO 4899157044304 / Andavar Marketing PVT LTD	99922	10,716.00	 	6,40,898.88
20 Aug 2022	20 Aug 2022	   TO TRANSFER-INB Payment towards Invoice/Bill--	CTT5797913               TRANSFER TO 31547097771                           KHUZEMA MAMUWALA AND C / 	99922	6,487.00	 	6,34,411.88
20 Aug 2022	20 Aug 2022	   TO TRANSFER-INB Payment towards Invoice/Bill--	CTT5798190               TRANSFER TO 32423647359                           ARAVIND CERAMICS PRIVA / 	99922	27,550.00	 	6,06,861.88
20 Aug 2022	20 Aug 2022	   BULK POSTING-CR_TAMILNADU SANITARY STO     05548442        1908--	 / 	16899	 	20,333.34	6,27,195.22
20 Aug 2022	20 Aug 2022	CHEQUE WDL-CHEQUE TRANSFER TO--156087	TRANSFER FROM 20038598235                         Mr. ABBAS  HATIMBHOY K / 156087	40236	15,000.00	 	6,12,195.22
20 Aug 2022	20 Aug 2022	   TO TRANSFER-INB NEFT UTR NO: SBIN322232152884--Super Trading Corporation	NEFT INB: CNACBZEAE7                              TRANSFER TO 4899157044304 / Super Trading Corporation	99922	6,745.00	 	6,05,450.22
20 Aug 2022	20 Aug 2022	   TO TRANSFER-INB NEFT UTR NO: SBIN322232159543--Super Trading Corporation	NEFT INB: CNACBZEDM1                              TRANSFER TO 4899157044304 / Super Trading Corporation	99922	1,320.00	 	6,04,130.22
20 Aug 2022	20 Aug 2022	   TO TRANSFER-INB NEFT UTR NO: SBIN322232163837--PROVIDENT MARKETING	NEFT INB: CNACBZEGT6                              TRANSFER TO 4899157044304 / PROVIDENT MARKETING	99922	10,000.00	 	5,94,130.22
21 Aug 2022	21 Aug 2022	   TO TRANSFER-INB NEFT UTR NO: SBIN322233591021--D S Associates	NEFT INB: CNACBZPHZ9                              TRANSFER TO 4899157044304 / D S Associates	99922	13,706.00	 	5,80,424.22
21 Aug 2022	21 Aug 2022	   TO TRANSFER-INB NEFT UTR NO: SBIN322233589823--D S Associates	NEFT INB: CNACBZPIB2                              TRANSFER TO 4899157044304 / D S Associates	99922	10,953.00	 	5,69,471.22
21 Aug 2022	21 Aug 2022	   TO TRANSFER-INB NEFT UTR NO: SBIN322233589852--SRI SENI Enterprises	NEFT INB: CNACBZPIC8                              TRANSFER TO 4899157044304 / SRI SENI Enterprises	99922	10,183.00	 	5,59,288.22
21 Aug 2022	21 Aug 2022	   TO TRANSFER-INB NEFT UTR NO: SBIN322233590347--SRI SENI Enterprises	NEFT INB: CNACBZPIF4                              TRANSFER TO 4899157044304 / SRI SENI Enterprises	99922	13,623.00	 	5,45,665.22
21 Aug 2022	21 Aug 2022	   TO TRANSFER-INB NEFT UTR NO: SBIN322233590780--Lakshmi Hayagrivaa Maarketing	NEFT INB: CNACBZPIH2                              TRANSFER TO 4899157044304 / Lakshmi Hayagrivaa Maarketing	99922	4,794.00	 	5,40,871.22
21 Aug 2022	21 Aug 2022	   TO TRANSFER-INB NEFT UTR NO: SBIN322233589938--K N Industries	NEFT INB: CNACBZPIK4                              TRANSFER TO 4899157044304 / K N Industries	99922	8,375.00	 	5,32,496.22
21 Aug 2022	21 Aug 2022	   TO TRANSFER-INB NEFT UTR NO: SBIN322233590823--ASHA SANITATION	NEFT INB: CNACBZPJZ7                              TRANSFER TO 4899157044304 / ASHA SANITATION	99922	4,142.00	 	5,28,354.22
21 Aug 2022	21 Aug 2022	   TO TRANSFER-INB NEFT UTR NO: SBIN322233590849--SHYAMS ENTERPRISES	NEFT INB: CNACBZPKC3                              TRANSFER TO 4899157044304 / SHYAMS ENTERPRISES	99922	7,505.00	 	5,20,849.22
21 Aug 2022	21 Aug 2022	   TO TRANSFER-INB NEFT UTR NO: SBIN322233591554--SHYAMS ENTERPRISES	NEFT INB: CNACBZPKD6                              TRANSFER TO 4899157044304 / SHYAMS ENTERPRISES	99922	7,000.00	 	5,13,849.22
21 Aug 2022	21 Aug 2022	   TO TRANSFER-INB NEFT UTR NO: SBIN322233592060--PRECI TECH PLASTICS	NEFT INB: CNACBZPKH0                              TRANSFER TO 4899157044304 / PRECI TECH PLASTICS	99922	11,614.00	 	5,02,235.22
21 Aug 2022	21 Aug 2022	   TO TRANSFER-INB NEFT UTR NO: SBIN322233592529--Shabbir Sanitary Stores	NEFT INB: CNACBZPKK9                              TRANSFER TO 4899157044304 / Shabbir Sanitary Stores	99922	11,798.00	 	4,90,437.22
21 Aug 2022	21 Aug 2022	   TO TRANSFER-INB NEFT UTR NO: SBIN322233591908--MANGALAM SANITARY	NEFT INB: CNACBZPKO0                              TRANSFER TO 4899157044304 / MANGALAM SANITARY	99922	13,119.00	 	4,77,318.22
21 Aug 2022	21 Aug 2022	   TO TRANSFER-INB NEFT UTR NO: SBIN322233592214--Superflo private limited	NEFT INB: CNACBZPKQ8                              TRANSFER TO 4899157044304 / Superflo private limited	99922	12,138.66	 	4,65,179.56
21 Aug 2022	21 Aug 2022	   TO TRANSFER-INB Payment towards Invoice/Bill--	CTT5903056               TRANSFER TO 32423647359                           ARAVIND CERAMICS PRIVA / 	99922	7,620.00	 	4,57,559.56
21 Aug 2022	21 Aug 2022	   TO TRANSFER-INB NEFT UTR NO: SBIN322233592678--TRISHLA CORPORATION	NEFT INB: CNACBZPMB8                              TRANSFER TO 4899157044304 / TRISHLA CORPORATION	99922	2,117.00	 	4,55,442.56
22 Aug 2022	22 Aug 2022	   BULK POSTING-CR_TAMILNADU SANITARY STO     05548442        2008--	 / 	16899	 	12,630.00	4,68,072.56
22 Aug 2022	22 Aug 2022	   BULK POSTING-CR_TAMILNADU SANITARY STO     05549442        2008--	 / 	16899	 	12,049.07	4,80,121.63
22 Aug 2022	22 Aug 2022	   BULK POSTING-CR_TAMILNADU SANITARY STO     05548442        2108--	 / 	16899	 	685.30	4,80,806.93
22 Aug 2022	22 Aug 2022	   BULK POSTING-CR_TAMILNADU SANITARY STO     05549442        2108--	 / 	16899	 	760.00	4,81,566.93
22 Aug 2022	22 Aug 2022	BY CLEARING / CHEQUE-CBI   600016014-032923 600002332--32923	 / 32923	10395	 	50,000.00	5,31,566.93
22 Aug 2022	22 Aug 2022	CHEQUE DEPOSIT- tfr--873948	TRANSFER TO 31459040429                           ALBA CORPORATION / 873948	40236	 	4,344.00	5,35,910.93
23 Aug 2022	23 Aug 2022	   BULK POSTING-CR_TAMILNADU SANITARY STO     05548442        2208--	 / 	16899	 	1,664.30	5,37,575.23
23 Aug 2022	23 Aug 2022	   BULK POSTING-CR_TAMILNADU SANITARY STO     05549442        2208--	 / 	16899	 	6,282.56	5,43,857.79
24 Aug 2022	24 Aug 2022	TO CLEARING-HDF   PRIDEPHARMACY--156086	 / 156086	10395	1,765.00	 	5,42,092.79
24 Aug 2022	24 Aug 2022	   BULK POSTING-CR_TAMILNADU SANITARY STO     05548442        2308--	 / 	16899	 	34,243.73	5,76,336.52
24 Aug 2022	24 Aug 2022	   BULK POSTING-CR_TAMILNADU SANITARY STO     05549442        2308--	 / 	16899	 	14,133.29	5,90,469.81
24 Aug 2022	24 Aug 2022	   TO TRANSFER-INB Payment towards Invoice/Bill--	CTT6260959               TRANSFER TO 32423647359                           ARAVIND CERAMICS PRIVA / 	99922	9,490.00	 	5,80,979.81
24 Aug 2022	24 Aug 2022	   TO TRANSFER-INB NEFT UTR NO: SBIN522236799693--Andavar Marketing PVT LTD	NEFT INB: CNACCCICW9                              TRANSFER TO 4899157044304 / Andavar Marketing PVT LTD	99922	7,063.00	 	5,73,916.81
24 Aug 2022	24 Aug 2022	   TO TRANSFER-INB Payment towards Invoice/Bill--	CTT6261087               TRANSFER TO 57002369188                           NELLAI CERAMIC CENTRE / 	99922	15,820.00	 	5,58,096.81
24 Aug 2022	24 Aug 2022	   TO TRANSFER-INB NEFT UTR NO: SBIN522236802088--Hussain Sanitary Stores	NEFT INB: CNACCCIHB4                              TRANSFER TO 4899157044304 / Hussain Sanitary Stores	99922	16,183.00	 	5,41,913.81
24 Aug 2022	24 Aug 2022	   TO TRANSFER-INB Payment towards Invoice/Bill--	CTT6261829               TRANSFER TO 31547097771                           KHUZEMA MAMUWALA AND C / 	99922	6,487.00	 	5,35,426.81
25 Aug 2022	25 Aug 2022	TO CLEARING-KVB   SHRI KRISHNA ENTERPRISES--156088	 / 156088	10395	5,145.00	 	5,30,281.81
25 Aug 2022	25 Aug 2022	   BULK POSTING-CR_TAMILNADU SANITARY STO     05548442        2408--	 / 	16899	 	3,510.79	5,33,792.60
25 Aug 2022	25 Aug 2022	   CASH DEPOSIT-CASH DEPOSIT SELF--	 / 	40236	 	21,000.00	5,54,792.60
26 Aug 2022	26 Aug 2022	   BULK POSTING-CR_TAMILNADU SANITARY STO     05549442        2508--	 / 	16899	 	274.12	5,55,066.72
26 Aug 2022	26 Aug 2022	BY CLEARING / CHEQUE-KVB   600053032-000376 600002332--376	 / 376	10395	 	12,400.00	5,67,466.72
26 Aug 2022	26 Aug 2022	   BY TRANSFER-NEFT*ICIC0SF0002*29119409241DC*KRISHNA ENTERPRISES--	TRANSFER FROM 3199958044305 / 	4430	 	2,250.00	5,69,716.72
27 Aug 2022	27 Aug 2022	   TO TRANSFER-INB NEFT UTR NO: SBIN222239986502--Shabbir Sanitary Stores	NEFT INB: CNACCERIS1                              TRANSFER TO 4899157044304 / Shabbir Sanitary Stores	99922	10,000.00	 	5,59,716.72
27 Aug 2022	27 Aug 2022	   TO TRANSFER-INB NEFT UTR NO: SBIN222239986120--NOBEL TILES WORLD	NEFT INB: CNACCERLD9                              TRANSFER TO 4899157044304 / NOBEL TILES WORLD	99922	15,255.00	 	5,44,461.72
27 Aug 2022	27 Aug 2022	   TO TRANSFER-INB NEFT UTR NO: SBIN222239986180--NOBEL TILES WORLD	NEFT INB: CNACCERKO1                              TRANSFER TO 4899157044304 / NOBEL TILES WORLD	99922	16,264.00	 	5,28,197.72
27 Aug 2022	27 Aug 2022	   TO TRANSFER-INB NEFT UTR NO: SBIN222239986673--K M CERAMICS	NEFT INB: CNACCERLO8                              TRANSFER TO 4899157044304 / K M CERAMICS	99922	15,600.00	 	5,12,597.72
27 Aug 2022	27 Aug 2022	   TO TRANSFER-INB NEFT UTR NO: SBIN222239988235--Lakshmi Hayagrivaa Maarketing	NEFT INB: CNACCERLU6                              TRANSFER TO 4899157044304 / Lakshmi Hayagrivaa Maarketing	99922	5,000.00	 	5,07,597.72
27 Aug 2022	27 Aug 2022	   TO TRANSFER-INB NEFT UTR NO: SBIN222239987171--AJANTHA BATHROOM PRODUCTS AND PIPES	NEFT INB: CNACCERNJ5                              TRANSFER TO 4899157044304 / AJANTHA BATHROOM PRODUCTS AND PIPES	99922	12,191.00	 	4,95,406.72
27 Aug 2022	27 Aug 2022	   TO TRANSFER-INB NEFT UTR NO: SBIN222239988130--AJANTHA BATHROOM PRODUCTS AND PIPES	NEFT INB: CNACCERMZ3                              TRANSFER TO 4899157044304 / AJANTHA BATHROOM PRODUCTS AND PIPES	99922	16,964.00	 	4,78,442.72
27 Aug 2022	27 Aug 2022	   TO TRANSFER-INB NEFT UTR NO: SBIN222239988484--LEGEND	NEFT INB: CNACCERNQ3                              TRANSFER TO 4899157044304 / LEGEND	99922	1,899.00	 	4,76,543.72
27 Aug 2022	27 Aug 2022	   TO TRANSFER-INB NEFT UTR NO: SBIN222239989432--VASSAVI TRADERS	NEFT INB: CNACCERNT9                              TRANSFER TO 4899157044304 / VASSAVI TRADERS	99922	3,648.00	 	4,72,895.72
27 Aug 2022	27 Aug 2022	   TO TRANSFER-INB NEFT UTR NO: SBIN222239989824--Sattar Sanitary Stores	NEFT INB: CNACCERNY3                              TRANSFER TO 4899157044304 / Sattar Sanitary Stores	99922	10,160.00	 	4,62,735.72
27 Aug 2022	27 Aug 2022	   TO TRANSFER-INB Payment towards Invoice/Bill--	CTT6578961               TRANSFER TO 32818937606                           GOLDEN HARDWARE CENTRE / 	99922	3,403.00	 	4,59,332.72
27 Aug 2022	27 Aug 2022	   TO TRANSFER-INB NEFT UTR NO: SBIN222239989660--SHRI Venkateswar Agency	NEFT INB: CNACCERQL8                              TRANSFER TO 4899157044304 / SHRI Venkateswar Agency	99922	9,000.00	 	4,50,332.72
27 Aug 2022	27 Aug 2022	   TO TRANSFER-INB NEFT UTR NO: SBIN222239994906--D S Associates	NEFT INB: CNACCERYT2                              TRANSFER TO 4899157044304 / D S Associates	99922	15,000.00	 	4,35,332.72
27 Aug 2022	27 Aug 2022	   TO TRANSFER-INB NEFT UTR NO: SBIN222239995849--SRI SENI Enterprises	NEFT INB: CNACCESAM6                              TRANSFER TO 4899157044304 / SRI SENI Enterprises	99922	7,535.00	 	4,27,797.72
27 Aug 2022	27 Aug 2022	   TO TRANSFER-INB NEFT UTR NO: SBIN222239995233--SRI SENI Enterprises	NEFT INB: CNACCESBD1                              TRANSFER TO 4899157044304 / SRI SENI Enterprises	99922	14,196.00	 	4,13,601.72
27 Aug 2022	27 Aug 2022	   TO TRANSFER-INB NEFT UTR NO: SBIN222239997520--Lakshmi Hayagrivaa Maarketing	NEFT INB: CNACCESCF7                              TRANSFER TO 4899157044304 / Lakshmi Hayagrivaa Maarketing	99922	6,726.00	 	4,06,875.72
27 Aug 2022	27 Aug 2022	   TO TRANSFER-INB NEFT UTR NO: SBIN222239999631--SHYAMS ENTERPRISES	NEFT INB: CNACCESCL3                              TRANSFER TO 4899157044304 / SHYAMS ENTERPRISES	99922	7,000.00	 	3,99,875.72
27 Aug 2022	27 Aug 2022	   TO TRANSFER-INB NEFT UTR NO: SBIN222239999829--MANGALAM SANITARY	NEFT INB: CNACCESCP7                              TRANSFER TO 4899157044304 / MANGALAM SANITARY	99922	6,436.00	 	3,93,439.72
27 Aug 2022	27 Aug 2022	   TO TRANSFER-INB NEFT UTR NO: SBIN222239998955--Super Trading Corporation	NEFT INB: CNACCESEJ5                              TRANSFER TO 4899157044304 / Super Trading Corporation	99922	11,000.00	 	3,82,439.72
27 Aug 2022	27 Aug 2022	   BULK POSTING-CR_TAMILNADU SANITARY STO     05548442        2608--	 / 	16899	 	21,083.35	4,03,523.07
27 Aug 2022	27 Aug 2022	   BULK POSTING-CR_TAMILNADU SANITARY STO     05549442        2608--	 / 	16899	 	7,411.67	4,10,934.74
28 Aug 2022	28 Aug 2022	   TO TRANSFER-INB NEFT UTR NO: SBIN322240288462--Paandurangaa Binding and Printing	NEFT INB: CNACCFIZO5                              TRANSFER TO 4899157044304 / Paandurangaa Binding and Printing	99922	3,410.00	 	4,07,524.74
28 Aug 2022	28 Aug 2022	   TO TRANSFER-INB NEFT UTR NO: SBIN322240292154--KONARKK and Co	NEFT INB: CNACCFJAU4                              TRANSFER TO 4899157044304 / KONARKK and Co	99922	11,833.00	 	3,95,691.74
28 Aug 2022	28 Aug 2022	   TO TRANSFER-INB NEFT UTR NO: SBIN322240288521--PROVIDENT MARKETING	NEFT INB: CNACCFJAW2                              TRANSFER TO 4899157044304 / PROVIDENT MARKETING	99922	6,408.00	 	3,89,283.74
29 Aug 2022	29 Aug 2022	TO CLEARING-CAB   TANGEDCO SE CEDC CENTRAL--156091	 / 156091	10395	7,234.00	 	3,82,049.74
29 Aug 2022	29 Aug 2022	   BULK POSTING-CR_TAMILNADU SANITARY STO     05548442        2708--	 / 	16899	 	19,806.72	4,01,856.46
29 Aug 2022	29 Aug 2022	   BULK POSTING-CR_TAMILNADU SANITARY STO     05549442        2708--	 / 	16899	 	1,272.70	4,03,129.16
29 Aug 2022	29 Aug 2022	   BULK POSTING-CR_TAMILNADU SANITARY STO     05549442        2808--	 / 	16899	 	3,700.00	4,06,829.16
29 Aug 2022	29 Aug 2022	   BY TRANSFER-INB IMPS224118111139/9840015710/XX1952/6 Spray gu--	MAA001118753789          MAA001118753789          TRANSFER FROM 4897956162096 / 	99922	 	2,200.00	4,09,029.16
30 Aug 2022	30 Aug 2022	TO CLEARING-HDF   Bennett Coleman Co L Chen--250764	 / 250764	10395	899.00	 	4,08,130.16
30 Aug 2022	30 Aug 2022	   BULK POSTING-CR_TAMILNADU SANITARY STO     05549442        2908--	 / 	16899	 	974.12	4,09,104.28
30 Aug 2022	30 Aug 2022	   CASH DEPOSIT-CASH DEPOSIT SELF--	 / 	40236	 	60,000.00	4,69,104.28
30 Aug 2022	30 Aug 2022	BY CLEARING / CHEQUE-CBI   600016015-133689 600002332--133689	 / 133689	10395	 	2,600.00	4,71,704.28
30 Aug 2022	30 Aug 2022	BY CLEARING / CHEQUE-KCU   600054035-000090 600002332--90	 / 90	10395	 	1,700.00	4,73,404.28
30 Aug 2022	30 Aug 2022	   BY TRANSFER-UPI/CR/224201761774/PANDALA /FDRL/surendrapa/UPI--	TRANSFER FROM 4693196162095 / 	40236	 	300.00	4,73,704.28
31 Aug 2022	31 Aug 2022	   TO TRANSFER-INB Payment towards Invoice/Bill--	CTT7123027               TRANSFER TO 32423647359                           ARAVIND CERAMICS PRIVA / 	99922	12,760.00	 	4,60,944.28
31 Aug 2022	31 Aug 2022	   TO TRANSFER-INB NEFT UTR NO: SBIN222243084354--Andavar Marketing PVT LTD	NEFT INB: CNACCHWUQ3                              TRANSFER TO 4899157044304 / Andavar Marketing PVT LTD	99922	11,003.00	 	4,49,941.28
31 Aug 2022	31 Aug 2022	   TO TRANSFER-INB NEFT UTR NO: SBIN222243084499--K M CERAMICS	NEFT INB: CNACCHWWB8                              TRANSFER TO 4899157044304 / K M CERAMICS	99922	15,000.00	 	4,34,941.28
31 Aug 2022	31 Aug 2022	   TO TRANSFER-INB NEFT UTR NO: SBIN222243096927--NOBEL TILES WORLD	NEFT INB: CNACCHWWY4                              TRANSFER TO 4899157044304 / NOBEL TILES WORLD	99922	10,469.00	 	4,24,472.28
31 Aug 2022	31 Aug 2022	   BULK POSTING-CR_TAMILNADU SANITARY STO     05548442        3008--	 / 	16899	 	12,659.79	4,37,132.07
31 Aug 2022	31 Aug 2022	   BULK POSTING-CR_TAMILNADU SANITARY STO     05549442        3008--	 / 	16899	 	2,104.85	4,39,236.92

**This is a computer generated statement and does not require a signature