Txn Date	Value Date	Description	LEDGER	Ref No./Cheque No.	Branch Code	        Debit	Credit	Balance
02-Nov-20	02-Nov-20	TO CLEARING-HDF   BESTWELDPRODUCTS--116685	BESTWELD PRODUCTS	 / 116685	10395	"4,956.00"	 	"8,61,348.55"
02-Nov-20	02-Nov-20	   BULK POSTING-CR_TAMILNADU SANITARY STO             05549442  31--	CREDIT CARD SALES	 / 	16899	 	"4,946.90"	"8,66,295.45"
03-Nov-20	03-Nov-20	   CSH DEP (CDM)-9092052786--	Cash	 / 	4292	 	"17,000.00"	"8,83,295.45"
03-Nov-20	03-Nov-20	   BULK POSTING-CR_TAMILNADU SANITARY STO             05549442  02--	CREDIT CARD SALES	 / 	16899	 	"4,357.40"	"8,87,652.85"
03-Nov-20	03-Nov-20	   CASH DEPOSIT-CASH DEPOSIT SELF--	Cash	 / 	40236	 	"17,000.00"	"9,04,652.85"
03-Nov-20	03-Nov-20	BY CLEARING / CHEQUE-INB   BY CLEARING CHQ 254503 MICR 600019035--254503	Clg	 / 254503	10395	 	"20,400.00"	"9,25,052.85"
03-Nov-20	03-Nov-20	BY CLEARING / CHEQUE-GPO   BY CLEARING CHQ 834792 MICR 600111006--834792	Clg	 / 834792	10395	 	"11,160.00"	"9,36,212.85"
03-Nov-20	03-Nov-20	BY CLEARING / CHEQUE-FBL   BY CLEARING CHQ 131572 MICR 600049005--131572	Clg	 / 131572	10395	 	"10,700.00"	"9,46,912.85"
03-Nov-20	03-Nov-20	BY CLEARING / CHEQUE-INB   BY CLEARING CHQ 950732 MICR 600019126--950732	Clg	 / 950732	10395	 	"34,700.00"	"9,81,612.85"
03-Nov-20	03-Nov-20	   CSH DEP (CDM)-9092052786--	Cash	 / 	4292	 	"16,500.00"	"9,98,112.85"
04-Nov-20	04-Nov-20	   TO TRANSFER-INB NEFT UTR NO: SBIN220309082998--NOBEL TILES WORLD	Nobel Tiles World	NEFT INB: CNABEZVSK3                              TRANSFER TO 3197944044306 / NOBEL TILES WORLD	99922	"16,000.00"	 	"9,82,112.85"
04-Nov-20	04-Nov-20	   TO TRANSFER-INB NEFT UTR NO: SBIN220309084128--National Ceramic Centre	National Ceramic Centre	NEFT INB: CNABEZVSS2                              TRANSFER TO 3197944044306 / National Ceramic Centre	99922	"15,251.00"	 	"9,66,861.85"
04-Nov-20	04-Nov-20	   TO TRANSFER-INB NEFT UTR NO: SBIN220309083484--K M CERAMICS	K M CERAMICS	NEFT INB: CNABEZVVG4                              TRANSFER TO 3197944044306 / K M CERAMICS	99922	"19,750.00"	 	"9,47,111.85"
04-Nov-20	04-Nov-20	   TO TRANSFER-INB NEFT UTR NO: SBIN220309085868--Andavar Marketing PVT LTD	Andavar Marketing Pvt.Ltd.	NEFT INB: CNABEZVWT7                              TRANSFER TO 3197944044306 / Andavar Marketing PVT LTD	99922	"27,653.00"	 	"9,19,458.85"
04-Nov-20	04-Nov-20	   BULK POSTING-CR_TAMILNADU SANITARY STO             05549442  03--	CREDIT CARD SALES	 / 	16899	 	"4,815.93"	"9,24,274.78"
04-Nov-20	04-Nov-20	   CASH DEPOSIT-CASH DEPOSIT SELF--	Cash	 / 	40236	 	"23,000.00"	"9,47,274.78"
05-Nov-20	05-Nov-20	   TO TRANSFER-INB NEFT UTR NO: SBIN320310107986--ARUNKUMAR MANOHARAN	Audit Fee	NEFT INB: CNABFAYVP4                              TRANSFER TO 3197944044306 / ARUNKUMAR MANOHARAN	99922	"5,000.00"	 	"9,42,274.78"
05-Nov-20	05-Nov-20	   TO TRANSFER-INB NEFT UTR NO: SBIN320310108921--Mylapore Gardens Residents Associat	Mylapore Gardens Residents Association	NEFT INB: CNABFAYWX7                              TRANSFER TO 3197944044306 / Mylapore Gardens Residents Associat	99922	"4,000.00"	 	"9,38,274.78"
05-Nov-20	05-Nov-20	   CASH DEPOSIT-CASH DEPOSIT SELF--	Cash	 / 	40236	 	"16,500.00"	"9,54,774.78"
05-Nov-20	05-Nov-20	   CASH DEPOSIT-CASH DEPOSIT SELF--	Cash	 / 	40236	 	"6,000.00"	"9,60,774.78"
06-Nov-20	06-Nov-20	   BULK POSTING-CR_TAMILNADU SANITARY STO             05549442  05--	CREDIT CARD SALES	 / 	16899	 	"5,002.71"	"9,65,777.49"
06-Nov-20	06-Nov-20	CHEQUE DEPOSIT- TO TAMILNADU SANITARY STORES--898073	KHUZEMA MAMUWALA & CO PVT LTD	TRANSFER TO 31547097771                           KHUZEMA MAMUWALA & CO / 898073	40236	 	"4,555.00"	"9,70,332.49"
06-Nov-20	06-Nov-20	   TO TRANSFER-INB Salary Payment--	Kasi	CTL3661619               TRANSFER TO 32950808735                           Mr. KASI  R / 	99922	"17,000.00"	 	"9,53,332.49"
06-Nov-20	06-Nov-20	   TO TRANSFER-INB Salary Payment--	NOUSHAD ABDUL	CTL3661374               TRANSFER TO 31054735034                           Mr. NOUSHAD  ABDUL SAL / 	99922	"14,500.00"	 	"9,38,832.49"
07-Nov-20	07-Nov-20	   CASH DEPOSIT-CASH DEPOSIT SELF--	Cash	 / 	40236	 	"16,000.00"	"9,54,832.49"
08-Nov-20	08-Nov-20	   BULK POSTING-CR_TAMILNADU SANITARY STO             05549442  07--	CREDIT CARD SALES	 / 	16899	 	"1,195.20"	"9,56,027.69"
09-Nov-20	09-Nov-20	   TO TRANSFER-INB NEFT UTR NO: SBIN120314577310--Sattar Sanitary Stores	Sattar Sanitary Stores	NEFT INB: CNABFESXM2                              TRANSFER TO 3197944044306 / Sattar Sanitary Stores	99922	"14,318.00"	 	"9,41,709.69"
09-Nov-20	09-Nov-20	   TO TRANSFER-INB NEFT UTR NO: SBIN120314578226--D S Associates	D.S.Associates	NEFT INB: CNABFESXU3                              TRANSFER TO 3197944044306 / D S Associates	99922	"17,347.00"	 	"9,24,362.69"
09-Nov-20	09-Nov-20	   TO TRANSFER-INB NEFT UTR NO: SBIN120314578756--SHYAMS ENTERPRISES	SHYAMS ENTERPRISES	NEFT INB: CNABFETBA6                              TRANSFER TO 3197944044306 / SHYAMS ENTERPRISES	99922	"3,817.00"	 	"9,20,545.69"
09-Nov-20	09-Nov-20	   TO TRANSFER-INB NEFT UTR NO: SBIN120314579292--MANGALAM SANITARY	Mangalam Sanitary	NEFT INB: CNABFETAT5                              TRANSFER TO 3197944044306 / MANGALAM SANITARY	99922	"9,000.00"	 	"9,11,545.69"
09-Nov-20	09-Nov-20	   TO TRANSFER-INB NEFT UTR NO: SBIN120314579736--Madhup Distributors	MADHUP DISTRIBUTORS	NEFT INB: CNABFETCS0                              TRANSFER TO 3197944044306 / Madhup Distributors	99922	"5,229.00"	 	"9,06,316.69"
09-Nov-20	09-Nov-20	   TO TRANSFER-INB NEFT UTR NO: SBIN120314579919--K M ASSOCIATES	K.M.Associates	NEFT INB: CNABFETDB6                              TRANSFER TO 3197944044306 / K M ASSOCIATES	99922	"10,000.00"	 	"8,96,316.69"
09-Nov-20	09-Nov-20	CHEQUE WDL- TO GOLDEN HARDWARE CENTRE--116690	Golden Hardware Centre	TRANSFER FROM 32818937606                         GOLDEN HARDWARE CENTRE / 116690	40236	"4,965.00"	 	"8,91,351.69"
09-Nov-20	09-Nov-20	BY CLEARING / CHEQUE-BOB   BY CLEARING CHQ 000122 MICR 600012046--122	Clg	 / 122	10395	 	"7,900.00"	"8,99,251.69"
09-Nov-20	09-Nov-20	   TO TRANSFER-INB NEFT UTR NO: SBIN220314000942--The New India Assurance Co  LTD	The New India Assurance Co Ltd	NEFT INB: CNABFFKEU2                              TRANSFER TO 3197944044306 / The New India Assurance Co  LTD	99922	"3,859.00"	 	"8,95,392.69"
10-Nov-20	10-Nov-20	   TO TRANSFER-INB NEFT UTR NO: SBIN220315884579--NOVELTY	NOVELTY	NEFT INB: CNABFGDRO0                              TRANSFER TO 3197944044306 / NOVELTY	99922	"6,380.00"	 	"8,89,012.69"
10-Nov-20	10-Nov-20	   TO TRANSFER-INB NEFT UTR NO: SBIN220315884395--SRI ENTERPRISES	SRI ENTERPRISES	NEFT INB: CNABFGDSJ3                              TRANSFER TO 3197944044306 / SRI ENTERPRISES	99922	"6,764.00"	 	"8,82,248.69"
10-Nov-20	10-Nov-20	   TO TRANSFER-INB NEFT UTR NO: SBIN220315885220--AJANTHA BATHROOM PRODUCTS AND PIPES	AJANTHA BATHROOM PRODUCTS AND PIPES	NEFT INB: CNABFGDTR8                              TRANSFER TO 3197944044306 / AJANTHA BATHROOM PRODUCTS AND PIPES	99922	"11,045.00"	 	"8,71,203.69"
10-Nov-20	10-Nov-20	   TO TRANSFER-INB NEFT UTR NO: SBIN220315886044--NOBEL TILES WORLD	Nobel Tiles World	NEFT INB: CNABFGDUI9                              TRANSFER TO 3197944044306 / NOBEL TILES WORLD	99922	"2,870.00"	 	"8,68,333.69"
10-Nov-20	10-Nov-20	   TO TRANSFER-INB NEFT UTR NO: SBIN220315886340--NOBEL TILES WORLD	Nobel Tiles World	NEFT INB: CNABFGDUR1                              TRANSFER TO 3197944044306 / NOBEL TILES WORLD	99922	"11,725.00"	 	"8,56,608.69"
10-Nov-20	10-Nov-20	   TO TRANSFER-INB NEFT UTR NO: SBIN220315885873--TRISHLA AGENCIES	Trishla Agencies	NEFT INB: CNABFGDUY6                              TRANSFER TO 3197944044306 / TRISHLA AGENCIES	99922	"3,326.00"	 	"8,53,282.69"
10-Nov-20	10-Nov-20	   TO TRANSFER-INB NEFT UTR NO: SBIN220315887123--K M CERAMICS	K M CERAMICS	NEFT INB: CNABFGDWV0                              TRANSFER TO 3197944044306 / K M CERAMICS	99922	"17,600.00"	 	"8,35,682.69"
10-Nov-20	10-Nov-20	   TO TRANSFER-INB NEFT UTR NO: SBIN220315887499--GUPTA SALES CORPORATION	Gupta Sales Corporation	NEFT INB: CNABFGDXS7                              TRANSFER TO 3197944044306 / GUPTA SALES CORPORATION	99922	"4,372.00"	 	"8,31,310.69"
10-Nov-20	10-Nov-20	   TO TRANSFER-INB NEFT UTR NO: SBIN220315887987--SHYAMS ENTERPRISES	SHYAMS ENTERPRISES	NEFT INB: CNABFGDZE5                              TRANSFER TO 3197944044306 / SHYAMS ENTERPRISES	99922	"3,315.00"	 	"8,27,995.69"
10-Nov-20	10-Nov-20	   TO TRANSFER-INB NEFT UTR NO: SBIN220315889090--Andavar Marketing PVT LTD	Andavar Marketing Pvt.Ltd.	NEFT INB: CNABFGDZZ5                              TRANSFER TO 3197944044306 / Andavar Marketing PVT LTD	99922	"18,668.00"	 	"8,09,327.69"
10-Nov-20	10-Nov-20	   BULK POSTING-CR_TAMILNADU SANITARY STO             05549442  09--	CREDIT CARD SALES	 / 	16899	 	"2,829.63"	"8,12,157.32"
10-Nov-20	10-Nov-20	   TO TRANSFER-INB NEFT UTR NO: SBIN320315029005--ARUNKUMAR MANOHARAN	Audit Fee	NEFT INB: CNABFGLAK4                              TRANSFER TO 3197944044306 / ARUNKUMAR MANOHARAN	99922	"5,140.00"	 	"8,07,017.32"
10-Nov-20	10-Nov-20	   CASH DEPOSIT-CASH DEPOSIT SELF--	Cash	 / 	40236	 	"13,500.00"	"8,20,517.32"
11-Nov-20	11-Nov-20	TO CLEARING-HDF   RAAJAGENCY--116691	Raaj Agency	 / 116691	10395	"8,496.00"	 	"8,12,021.32"
11-Nov-20	11-Nov-20	   CSH DEP (CDM)-9092052786--	Cash	 / 	4292	 	"18,000.00"	"8,30,021.32"
11-Nov-20	11-Nov-20	   BULK POSTING-CR_TAMILNADU SANITARY STO             05549442  10--	CREDIT CARD SALES	 / 	16899	 	"15,838.22"	"8,45,859.54"
11-Nov-20	11-Nov-20	CHEQUE DEPOSIT- TO TAMILNADU SANITARY STORES--269757	ABBAS HATIMBHOY K	TRANSFER TO 20038598235                           Mr. ABBAS  HATIMBHOY K / 269757	40236	 	"3,60,000.00"	"12,05,859.54"
11-Nov-20	11-Nov-20	BY CLEARING / CHEQUE-AXS   BY CLEARING CHQ 467363 MICR 600211006--467363	Clg	 / 467363	10395	 	"2,750.00"	"12,08,609.54"
11-Nov-20	11-Nov-20	   BY TRANSFER-UPI/CR/031617080716/Mr ANTON/CIUB/antony1050/Offic--	ANTONY	TRANSFER FROM 5099008162094 / 	40236	 	"7,300.00"	"12,15,909.54"
12-Nov-20	12-Nov-20	   BULK POSTING-CR_TAMILNADU SANITARY STO             05549442  11--	CREDIT CARD SALES	 / 	16899	 	"10,933.00"	"12,26,842.54"
12-Nov-20	12-Nov-20	   CASH DEPOSIT-CASH DEPOSIT SELF--	Cash	 / 	40236	 	"23,000.00"	"12,49,842.54"
12-Nov-20	12-Nov-20	   BY TRANSFER-UPI/CR/031717777491/JAYAPRAK/HDFC/jpakshay43/Surek--	JAYAPRAKASH	TRANSFER FROM 5098496162093 / 	40236	 	"11,350.00"	"12,61,192.54"
13-Nov-20	13-Nov-20	   CSH DEP (CDM)-9092052786--	Cash	 / 	4292	 	"25,500.00"	"12,86,692.54"
13-Nov-20	13-Nov-20	   BULK POSTING-CR_TAMILNADU SANITARY STO             05549442  12--	CREDIT CARD SALES	 / 	16899	 	796.8	"12,87,489.34"
13-Nov-20	13-Nov-20	CHEQUE DEPOSIT- to TAMILNADU SANITARY STORES--992903	Arundhati Menon	TRANSFER TO 32173544810                           Mrs. ARUNDHATI  MENON / 992903	40236	 	"8,000.00"	"12,95,489.34"
13-Nov-20	13-Nov-20	   BY TRANSFER-UPI/CR/031816865962/Mr ANTON/CIUB/antony1050/Offic--	ANTONY	TRANSFER FROM 5099144162098 / 	40236	 	"1,500.00"	"12,96,989.34"
14-Nov-20	14-Nov-20	   TO TRANSFER-INB NEFT UTR NO: SBIN220319757916--Sattar Sanitary Stores	Sattar Sanitary Stores	NEFT INB: CNABFLKTO7                              TRANSFER TO 3197944044306 / Sattar Sanitary Stores	99922	"9,376.00"	 	"12,87,613.34"
14-Nov-20	14-Nov-20	   TO TRANSFER-INB NEFT UTR NO: SBIN220319758932--D S Associates	D.S.Associates	NEFT INB: CNABFLKUF8                              TRANSFER TO 3197944044306 / D S Associates	99922	"26,235.00"	 	"12,61,378.34"
14-Nov-20	14-Nov-20	   TO TRANSFER-INB NEFT UTR NO: SBIN220319759663--Fluid Valve Co	Fluid Valve Co	NEFT INB: CNABFLKUT1                              TRANSFER TO 3197944044306 / Fluid Valve Co	99922	"4,131.00"	 	"12,57,247.34"
14-Nov-20	14-Nov-20	   TO TRANSFER-INB NEFT UTR NO: SBIN220319760480--Andavar Marketing PVT LTD	Andavar Marketing Pvt.Ltd.	NEFT INB: CNABFLKWY9                              TRANSFER TO 3197944044306 / Andavar Marketing PVT LTD	99922	"28,292.00"	 	"12,28,955.34"
14-Nov-20	14-Nov-20	   TO TRANSFER-INB NEFT UTR NO: SBIN220319761646--TRISHLA CORPORATION	Trishla Corporation	NEFT INB: CNABFLKXY2                              TRANSFER TO 3197944044306 / TRISHLA CORPORATION	99922	"2,025.00"	 	"12,26,930.34"
14-Nov-20	14-Nov-20	   TO TRANSFER-INB NEFT UTR NO: SBIN220319762468--SUPER TRADING CORPORATION	Super Trading Corporation	NEFT INB: CNABFLKYD9                              TRANSFER TO 3197944044306 / SUPER TRADING CORPORATION	99922	"10,000.00"	 	"12,16,930.34"
14-Nov-20	14-Nov-20	   TO TRANSFER-INB NEFT UTR NO: SBIN220319761768--BHARATH Enterprises	Bharath Enterprises	NEFT INB: CNABFLKYH9                              TRANSFER TO 3197944044306 / BHARATH Enterprises	99922	"11,313.00"	 	"12,05,617.34"
14-Nov-20	14-Nov-20	   TO TRANSFER-INB NEFT UTR NO: SBIN220319761866--AIM TECH VIKING	Aim Tech [Jalandhar]	NEFT INB: CNABFLKXO2                              TRANSFER TO 3197944044306 / AIM TECH VIKING	99922	"7,500.00"	 	"11,98,117.34"
14-Nov-20	14-Nov-20	   BULK POSTING-CR_TAMILNADU SANITARY STO             05549442  13--	CREDIT CARD SALES	 / 	16899	 	"3,754.20"	"12,01,871.54"
16-Nov-20	16-Nov-20	TO CLEARING-KOT   NEW VICTOR HARDWARE MART--116693	New Victor Hardware Mart	 / 116693	10395	"1,251.00"	 	"12,00,620.54"
16-Nov-20	16-Nov-20	   TO TRANSFER-INB ICICI_CC Payments--	CREDIT CARD  	VSBI9466910545CHE9361587               TRANSFER TO 3199580162096 / 	99922	"13,150.00"	 	"11,87,470.54"
16-Nov-20	16-Nov-20	   TO TRANSFER-INB NEFT UTR NO: SBIN220321977799--NOBEL TILES WORLD	Nobel Tiles World	NEFT INB: CNABFLVPF9                              TRANSFER TO 3197944044306 / NOBEL TILES WORLD	99922	"11,000.00"	 	"11,76,470.54"
16-Nov-20	16-Nov-20	   TO TRANSFER-INB NEFT UTR NO: SBIN220321978601--National Ceramic Centre	National Ceramic Centre	NEFT INB: CNABFLVQZ9                              TRANSFER TO 3197944044306 / National Ceramic Centre	99922	"15,000.00"	 	"11,61,470.54"
16-Nov-20	16-Nov-20	   TO TRANSFER-INB NEFT UTR NO: SBIN220321978842--K M CERAMICS	K M CERAMICS	NEFT INB: CNABFLVRE3                              TRANSFER TO 3197944044306 / K M CERAMICS	99922	"1,300.00"	 	"11,60,170.54"
17-Nov-20	17-Nov-20	   TO TRANSFER-INB--	Clg	20113300205820CKO4387709               TRANSFER TO 36959637114                           POOLING ACCOUNT GST-MM / 	99922	"3,628.00"	 	"11,56,542.54"
17-Nov-20	17-Nov-20	   BULK POSTING-CR_TAMILNADU SANITARY STO             05549442  16--	CREDIT CARD SALES	 / 	16899	 	"11,872.56"	"11,68,415.10"
18-Nov-20	18-Nov-20	   CASH DEPOSIT-CASH DEPOSIT SELF--	Cash	 / 	40236	 	"18,500.00"	"11,86,915.10"
18-Nov-20	18-Nov-20	   BY TRANSFER-UPI/CR/032311424231/A KARTHI/ICIC/9841570969/Casca--	A KARTHI	TRANSFER FROM 5099019162092 / 	40236	 	"1,250.00"	"11,88,165.10"
18-Nov-20	18-Nov-20	BY CLEARING / CHEQUE-KVB   BY CLEARING CHQ 004025 MICR 600053008--4025	Clg	 / 4025	10395	 	"3,405.00"	"11,91,570.10"
18-Nov-20	18-Nov-20	   TO TRANSFER-INB Payment towards Invoice/Bill--	KHUZEMA MAMUWALA & CO PVT LTD	CTL5192513               TRANSFER TO 31547097771                           KHUZEMA MAMUWALA & CO / 	99922	"1,280.00"	 	"11,90,290.10"
18-Nov-20	18-Nov-20	   TO TRANSFER-INB NEFT UTR NO: SBIN420323758052--G Shanmugam Traders	G Shanmugam Traders	NEFT INB: CNABFNWAH1                              TRANSFER TO 3197944044306 / G Shanmugam Traders	99922	"5,492.00"	 	"11,84,798.10"
18-Nov-20	18-Nov-20	   TO TRANSFER-INB NEFT UTR NO: SBIN420323760357--FRIENDLY SERVICES	Friendly Services	NEFT INB: CNABFNWBN8                              TRANSFER TO 3197944044306 / FRIENDLY SERVICES	99922	"1,038.00"	 	"11,83,760.10"
18-Nov-20	18-Nov-20	   TO TRANSFER-INB NEFT UTR NO: SBIN420323759960--NOBEL TILES WORLD	Nobel Tiles World	NEFT INB: CNABFNWDN7                              TRANSFER TO 3197944044306 / NOBEL TILES WORLD	99922	"7,275.00"	 	"11,76,485.10"
18-Nov-20	18-Nov-20	   TO TRANSFER-INB NEFT UTR NO: SBIN420323762929--National Ceramic Centre	National Ceramic Centre	NEFT INB: CNABFNWEN4                              TRANSFER TO 3197944044306 / National Ceramic Centre	99922	"5,140.00"	 	"11,71,345.10"
18-Nov-20	18-Nov-20	   TO TRANSFER-INB NEFT UTR NO: SBIN420323764148--SRI SENI Enterprises	SRI Seni Enterprises	NEFT INB: CNABFNWEH0                              TRANSFER TO 3197944044306 / SRI SENI Enterprises	99922	"5,636.00"	 	"11,65,709.10"
18-Nov-20	18-Nov-20	   TO TRANSFER-INB NEFT UTR NO: SBIN420323765318--VALLI STEEL INDUSTRIES PVT LTD	Valli Steel Industries Pvt Ltd	NEFT INB: CNABFNWGC0                              TRANSFER TO 3197944044306 / VALLI STEEL INDUSTRIES PVT LTD	99922	"8,148.00"	 	"11,57,561.10"
19-Nov-20	19-Nov-20	   BULK POSTING-CR_TAMILNADU SANITARY STO             05549442  18--	CREDIT CARD SALES	 / 	16899	 	"11,758.84"	"11,69,319.94"
19-Nov-20	19-Nov-20	BY CLEARING / CHEQUE-INB   BY CLEARING CHQ 806081 MICR 600019015--806081	Clg	 / 806081	10395	 	"15,937.00"	"11,85,256.94"
19-Nov-20	19-Nov-20	BY CLEARING / CHEQUE-INB   BY CLEARING CHQ 806082 MICR 600019015--806082	Clg	 / 806082	10395	 	"7,330.00"	"11,92,586.94"
19-Nov-20	19-Nov-20	BY CLEARING / CHEQUE-KOT   BY CLEARING CHQ 012243 MICR 600485017--12243	Clg	 / 12243	10395	 	"4,900.00"	"11,97,486.94"
20-Nov-20	20-Nov-20	   BULK POSTING-CR_TAMILNADU SANITARY STO             05549442  19--	CREDIT CARD SALES	 / 	16899	 	"11,407.62"	"12,08,894.56"
20-Nov-20	20-Nov-20	   BY TRANSFER-UPI/CR/032512186707/SARATHKU/KKBK/sarat7621@/Tiles--	SARATHKUMAR	TRANSFER FROM 5099134162090 / 	40236	 	280	"12,09,174.56"
20-Nov-20	20-Nov-20	   CASH DEPOSIT-CASH DEPOSIT SELF--	Cash	 / 	40236	 	"5,000.00"	"12,14,174.56"
20-Nov-20	20-Nov-20	   CASH DEPOSIT-CASH DEPOSIT SELF--	Cash	 / 	40236	 	"10,000.00"	"12,24,174.56"
20-Nov-20	20-Nov-20	CHEQUE WDL- TO TAMILNADU SANITARY STORES--116696	Cash	TRANSFER FROM 39816216052                         TAMILNADU SANITARY STO / 116696	40236	"4,00,000.00"	 	"8,24,174.56"
21-Nov-20	21-Nov-20	   TO TRANSFER-INB NEFT UTR NO: SBIN120326430616--Sri Kesava Traders	Sri Kesava Traders	NEFT INB: CNABFPTME6                              TRANSFER TO 3197944044306 / Sri Kesava Traders	99922	"7,000.00"	 	"8,17,174.56"
21-Nov-20	21-Nov-20	   TO TRANSFER-INB NEFT UTR NO: SBIN120326433394--D S Associates	D.S.Associates	NEFT INB: CNABFPTPK7                              TRANSFER TO 3197944044306 / D S Associates	99922	"13,046.00"	 	"8,04,128.56"
21-Nov-20	21-Nov-20	   TO TRANSFER-INB NEFT UTR NO: SBIN120326433896--Andavar Marketing PVT LTD	Andavar Marketing Pvt.Ltd.	NEFT INB: CNABFPTRM4                              TRANSFER TO 3197944044306 / Andavar Marketing PVT LTD	99922	"39,965.00"	 	"7,64,163.56"
21-Nov-20	21-Nov-20	   TO TRANSFER-INB NEFT UTR NO: SBIN120326435270--K M CERAMICS	K M CERAMICS	NEFT INB: CNABFPTTD7                              TRANSFER TO 3197944044306 / K M CERAMICS	99922	"21,100.00"	 	"7,43,063.56"
21-Nov-20	21-Nov-20	   TO TRANSFER-INB NEFT UTR NO: SBIN120326437066--SRI SENI Enterprises	SRI Seni Enterprises	NEFT INB: CNABFPTTZ3                              TRANSFER TO 3197944044306 / SRI SENI Enterprises	99922	"12,629.00"	 	"7,30,434.56"
21-Nov-20	21-Nov-20	   BY TRANSFER-UPI/CR/032611302974/B RAVI/ICIC/balakrishn/UPI--	B RAVI	TRANSFER FROM 5099226162096 / 	965	 	"7,100.00"	"7,37,534.56"
21-Nov-20	21-Nov-20	   CASH DEPOSIT-CASH DEPOSIT SELF--	Cash	 / 	40236	 	"14,000.00"	"7,51,534.56"
22-Nov-20	22-Nov-20	   TO TRANSFER-INB RES Airtel Bill--	Airtel	217840471CB06615104               TRANSFER TO 3199647162094 / 	99922	"1,307.44"	 	"7,50,227.12"
22-Nov-20	22-Nov-20	   TO TRANSFER-INB OFF Airtel Bill--	Airtel	217840470CB06615393               TRANSFER TO 3199647162094 / 	99922	"1,466.74"	 	"7,48,760.38"
22-Nov-20	22-Nov-20	   BULK POSTING-CR_TAMILNADU SANITARY STO             05549442  21--	CREDIT CARD SALES	 / 	16899	 	"2,613.32"	"7,51,373.70"
23-Nov-20	23-Nov-20	   BULK POSTING-CR_TAMILNADU SANITARY STO             05549442  22--	CREDIT CARD SALES	 / 	16899	 	"1,253.12"	"7,52,626.82"
23-Nov-20	23-Nov-20	   CASH DEPOSIT-CASH DEPOSIT SELF--	Cash	 / 	40236	 	"18,000.00"	"7,70,626.82"
23-Nov-20	23-Nov-20	   TO TRANSFER-INB NEFT UTR NO: SBIN220328456025--KUN AUTO COMPANY PVT LTD	KUN AUTO COMPANY PVT LTD	NEFT INB: CNABFRFLS8                              TRANSFER TO 3197944044306 / KUN AUTO COMPANY PVT LTD	99922	"5,786.00"	 	"7,64,840.82"
24-Nov-20	24-Nov-20	   BULK POSTING-CR_TAMILNADU SANITARY STO             05549442  23--	CREDIT CARD SALES	 / 	16899	 	"4,095.92"	"7,68,936.74"
24-Nov-20	24-Nov-20	   CASH DEPOSIT-CASH DEPOSIT SELF--	Cash	 / 	40236	 	"12,000.00"	"7,80,936.74"
24-Nov-20	24-Nov-20	   CASH DEPOSIT-CASH DEPOSIT SELF--	Cash	 / 	40236	 	"8,000.00"	"7,88,936.74"
24-Nov-20	24-Nov-20	   CASH DEPOSIT-CASH DEPOSIT SELF--	Cash	 / 	40236	 	"20,000.00"	"8,08,936.74"
24-Nov-20	24-Nov-20	BY CLEARING / CHEQUE-CAB   BY CLEARING CHQ 734049 MICR 600015026--734049	Clg	 / 734049	10395	 	"19,805.00"	"8,28,741.74"
24-Nov-20	24-Nov-20	   TO TRANSFER-INB NEFT UTR NO: SBIN320329425853--ABHIVAIRAVANS PLUMBING CO	ABHIVAIRAVANS PLUMBING CO	NEFT INB: CNABFSJVJ4                              TRANSFER TO 3197944044306 / ABHIVAIRAVANS PLUMBING CO	99922	"3,943.00"	 	"8,24,798.74"
24-Nov-20	24-Nov-20	   TO TRANSFER-INB NEFT UTR NO: SBIN320329427042--K M ASSOCIATES	K.M.Associates	NEFT INB: CNABFSJWS0                              TRANSFER TO 3197944044306 / K M ASSOCIATES	99922	"11,685.00"	 	"8,13,113.74"
24-Nov-20	24-Nov-20	   TO TRANSFER-INB NEFT UTR NO: SBIN320329427657--SUPER TRADING CORPORATION	Super Trading Corporation	NEFT INB: CNABFSJXY8                              TRANSFER TO 3197944044306 / SUPER TRADING CORPORATION	99922	626	 	"8,12,487.74"
24-Nov-20	24-Nov-20	   TO TRANSFER-INB NEFT UTR NO: SBIN320329431263--D S Associates	D.S.Associates	NEFT INB: CNABFSJYG5                              TRANSFER TO 3197944044306 / D S Associates	99922	"21,800.00"	 	"7,90,687.74"
25-Nov-20	25-Nov-20	BY CLEARING / CHEQUE-UCO   BY CLEARING CHQ 000194 MICR 600028017--194	Clg	 / 194	10395	 	"10,000.00"	"8,00,687.74"
25-Nov-20	25-Nov-20	   OUT-CHQ RETURN-84Other reasons-connectivity failurepresent againr--	Clg	 / 	10395	"10,000.00"	 	"7,90,687.74"
27-Nov-20	27-Nov-20	   CASH DEPOSIT-CASH DEPOSIT SELF--	Cash	 / 	40236	 	"27,000.00"	"8,17,687.74"
27-Nov-20	27-Nov-20	   CASH DEPOSIT-CASH DEPOSIT SELF--	Cash	 / 	40236	 	"8,000.00"	"8,25,687.74"
27-Nov-20	27-Nov-20	   BY TRANSFER-NEFT*PUNB0252300*PUNBH20332178160*ELECTROSTEEL CAS--	ELECTROSTEEL GAS	TRANSFER FROM 3199679044302 / 	4430	 	"12,000.00"	"8,37,687.74"
28-Nov-20	28-Nov-20	   TO TRANSFER-INB NEFT UTR NO: SBIN120333411797--Andavar Marketing PVT LTD	Andavar Marketing Pvt.Ltd.	NEFT INB: CNABFVIAR8                              TRANSFER TO 3197944044306 / Andavar Marketing PVT LTD	99922	"8,822.00"	 	"8,28,865.74"
28-Nov-20	28-Nov-20	   TO TRANSFER-INB Payment towards Invoice/Bill--	Nellai Ceramic Centre	CTL6269076               TRANSFER TO 57002369188                           NELLAI CERAMIC CENTRE / 	99922	"8,638.00"	 	"8,20,227.74"
28-Nov-20	28-Nov-20	   TO TRANSFER-INB NEFT UTR NO: SBIN120333413574--NOBEL TILES WORLD	Nobel Tiles World	NEFT INB: CNABFVIDL9                              TRANSFER TO 3197944044306 / NOBEL TILES WORLD	99922	"10,000.00"	 	"8,10,227.74"
28-Nov-20	28-Nov-20	   TO TRANSFER-INB NEFT UTR NO: SBIN120333413183--NOBEL TILES WORLD	Nobel Tiles World	NEFT INB: CNABFVIDQ2                              TRANSFER TO 3197944044306 / NOBEL TILES WORLD	99922	"14,725.00"	 	"7,95,502.74"
28-Nov-20	28-Nov-20	   TO TRANSFER-INB NEFT UTR NO: SBIN120333414181--TRISHLA AGENCIES	Trishla Agencies	NEFT INB: CNABFVIDW8                              TRANSFER TO 3197944044306 / TRISHLA AGENCIES	99922	"7,774.00"	 	"7,87,728.74"
28-Nov-20	28-Nov-20	   TO TRANSFER-INB NEFT UTR NO: SBIN120333413475--ARUNKUMAR MANOHARAN	Audit Fee	NEFT INB: CNABFVIFE0                              TRANSFER TO 3197944044306 / ARUNKUMAR MANOHARAN	99922	"5,000.00"	 	"7,82,728.74"
28-Nov-20	28-Nov-20	   BULK POSTING-CR_TAMILNADU SANITARY STO             05548442  27--	CREDIT CARD SALES	 / 	16899	 	"1,689.00"	"7,84,417.74"
28-Nov-20	28-Nov-20	   BULK POSTING-CR_TAMILNADU SANITARY STO             05549442  27--	CREDIT CARD SALES	 / 	16899	 	"6,974.52"	"7,91,392.26"
29-Nov-20	29-Nov-20	   TO TRANSFER-INB NEFT UTR NO: SBIN120334672469--SHYAMS ENTERPRISES	SHYAMS ENTERPRISES	NEFT INB: CNABFVYLS2                              TRANSFER TO 3197944044306 / SHYAMS ENTERPRISES	99922	"8,895.00"	 	"7,82,497.26"
29-Nov-20	29-Nov-20	   TO TRANSFER-INB NEFT UTR NO: SBIN120334672587--Sattar Sanitary Stores	Sattar Sanitary Stores	NEFT INB: CNABFVYLT2                              TRANSFER TO 3197944044306 / Sattar Sanitary Stores	99922	"11,803.00"	 	"7,70,694.26"
29-Nov-20	29-Nov-20	   TO TRANSFER-INB NEFT UTR NO: SBIN120334672690--Shiv Shakti Agencies	Shiv Shakti Agencies	NEFT INB: CNABFVYLU8                              TRANSFER TO 3197944044306 / Shiv Shakti Agencies	99922	"4,252.00"	 	"7,66,442.26"
29-Nov-20	29-Nov-20	   TO TRANSFER-INB NEFT UTR NO: SBIN120334671337--MANGALAM SANITARY	Mangalam Sanitary	NEFT INB: CNABFVYLW4                              TRANSFER TO 3197944044306 / MANGALAM SANITARY	99922	"14,935.00"	 	"7,51,507.26"
29-Nov-20	29-Nov-20	   TO TRANSFER-INB NEFT UTR NO: SBIN120334672869--Madhup Distributors	MADHUP DISTRIBUTORS	NEFT INB: CNABFVYMH8                              TRANSFER TO 3197944044306 / Madhup Distributors	99922	"5,044.00"	 	"7,46,463.26"
29-Nov-20	29-Nov-20	   BULK POSTING-CR_TAMILNADU SANITARY STO             05548442  28--	CREDIT CARD SALES	 / 	16899	 	"11,391.76"	"7,57,855.02"
29-Nov-20	29-Nov-20	   BULK POSTING-CR_TAMILNADU SANITARY STO             05549442  28--	CREDIT CARD SALES	 / 	16899	 	"15,261.66"	"7,73,116.68"
30-Nov-20	30-Nov-20	   BULK POSTING-CR_TAMILNADU SANITARY STO             05548442  29--	CREDIT CARD SALES	 / 	16899	 	"1,370.60"	"7,74,487.28"
30-Nov-20	30-Nov-20	   BULK POSTING-CR_TAMILNADU SANITARY STO             05549442  29--	CREDIT CARD SALES	 / 	16899	 	"4,222.70"	"7,78,709.98"
30-Nov-20	30-Nov-20	   CASH DEPOSIT-CASH DEPOSIT SELF--	Cash	 / 	40236	 	"25,000.00"	"8,03,709.98"
30-Nov-20	30-Nov-20	BY CLEARING / CHEQUE-KOT   BY CLEARING CHQ 000528 MICR 600485017--528	Clg	 / 528	10395	 	"4,950.00"	"8,08,659.98"
