Account Name       :                	TAMILNADU SANITARY STORES								
Address            :	"NO 143,  KUTCHERY ROAD,  MYLAPORE  Chennai"								
                                    	CHENNAI								
                                    	TAMILNADU-600004								
                                    	India								
Date               :                	07-Jul-21								
Account Number     :	_00000030976446269								
Account Description:	CA-REGULAR-PUB-OTH-ALL-INR								
Branch             :	SANTHOME								
Drawing Power      :	0								
Interest Rate(% p.a.):	0								
MOD Balance      :	0								
CIF No.          :	_85676868920								
IFS Code         :	SBIN0040236								
MICR Code        :	_600002332								
Balance on 1 Jun 2021        :	"8,63,789.83"								
Start Date          :	01-Jun-21								
End Date            :	30-Jun-21								
Txn Date	Value Date	Description			Ref No./Cheque No.	Branch Code	        Debit	Credit	Balance
07-Jun-21	07-Jun-21	   CASH DEPOSIT-CASH DEPOSIT SELF--			 / 	40236	 	"11,000.00"	"8,74,789.83"
07-Jun-21	07-Jun-21	   DEBIT-Dr CBK _TID05548442_RRN003290218546_20210508--			 / 	16899	"5,590.00"	 	"8,69,199.83"
08-Jun-21	08-Jun-21	CHEQUE WDL-CHEQUE TRANSFER TO--555451			TRANSFER FROM 20038598235                         Mr. ABBAS  HATIMBHOY K / 555451	40236	"33,000.00"	 	"8,36,199.83"
08-Jun-21	08-Jun-21	BY CLEARING / CHEQUE-IOB   600020016-199607 600002332--199607			 / 199607	10395	 	"10,000.00"	"8,46,199.83"
09-Jun-21	09-Jun-21	   TO TRANSFER-INB Payment towards Invoice/Bill--			CTO0845954               TRANSFER TO 32423647359                           ARAVIND CERAMICS PRIVA / 	99922	"2,400.00"	 	"8,43,799.83"
09-Jun-21	09-Jun-21	   TO TRANSFER-INB NEFT UTR NO: SBIN421160568884--FRIENDLY SERVICES			NEFT INB: CNABMJHZF0                              TRANSFER TO 3197944044306 / FRIENDLY SERVICES	99922	"3,264.00"	 	"8,40,535.83"
09-Jun-21	09-Jun-21	   TO TRANSFER-INB Payment towards Invoice/Bill--			CTO0846533               TRANSFER TO 57002369188                           NELLAI CERAMIC CENTRE / 	99922	"2,492.00"	 	"8,38,043.83"
09-Jun-21	09-Jun-21	   TO TRANSFER-INB NEFT UTR NO: SBIN421160573436--SRI SENI Enterprises			NEFT INB: CNABMJIBV5                              TRANSFER TO 3197944044306 / SRI SENI Enterprises	99922	"16,417.00"	 	"8,21,626.83"
09-Jun-21	09-Jun-21	   TO TRANSFER-INB NEFT UTR NO: SBIN421160574942--MANGALAM SANITARY			NEFT INB: CNABMJICZ2                              TRANSFER TO 3197944044306 / MANGALAM SANITARY	99922	"6,911.00"	 	"8,14,715.83"
09-Jun-21	09-Jun-21	   TO TRANSFER-INB Salary Payment--			CTO0849794               TRANSFER TO 32950808735                           Mr. KASI  R / 	99922	"7,500.00"	 	"8,07,215.83"
09-Jun-21	09-Jun-21	   TO TRANSFER-INB Salary Payment--			CTO0849829               TRANSFER TO 31054735034                           Mr. NOUSHAD  ABDUL SAL / 	99922	"6,500.00"	 	"8,00,715.83"
09-Jun-21	09-Jun-21	   TO TRANSFER-INB NEFT UTR NO: SBIN421160602247--ARUNKUMAR MANOHARAN			NEFT INB: CNABMJIZH6                              TRANSFER TO 3197944044306 / ARUNKUMAR MANOHARAN	99922	"5,000.00"	 	"7,95,715.83"
09-Jun-21	09-Jun-21	   CASH DEPOSIT-CASH DEPOSIT SELF--			 / 	40236	 	"5,000.00"	"8,00,715.83"
09-Jun-21	09-Jun-21	BY CLEARING / CHEQUE-IOB   600020028-945028 600002332--945028			 / 945028	10395	 	"1,770.00"	"8,02,485.83"
10-Jun-21	10-Jun-21	   CASH DEPOSIT-CASH DEPOSIT SELF--			 / 	40236	 	"37,000.00"	"8,39,485.83"
10-Jun-21	10-Jun-21	   BULK POSTING-CR_TAMILNADU SANITARY STO             05549442  09--			 / 	16899	 	"3,687.84"	"8,43,173.67"
10-Jun-21	10-Jun-21	BY CLEARING / CHEQUE-CBI   600016030-132782 600002332--132782			 / 132782	10395	 	"3,469.00"	"8,46,642.67"
11-Jun-21	11-Jun-21	   BULK POSTING-CR_TAMILNADU SANITARY STO             05548442  10--			 / 	16899	 	"8,508.67"	"8,55,151.34"
11-Jun-21	11-Jun-21	   BULK POSTING-CR_TAMILNADU SANITARY STO             05549442  10--			 / 	16899	 	"2,572.39"	"8,57,723.73"
12-Jun-21	12-Jun-21	   TO TRANSFER-INB NEFT UTR NO: SBIN221163648178--D S Associates			NEFT INB: CNABMMLGA4                              TRANSFER TO 3197944044306 / D S Associates	99922	"19,279.00"	 	"8,38,444.73"
12-Jun-21	12-Jun-21	   TO TRANSFER-INB NEFT UTR NO: SBIN221163648857--Sattar Sanitary Stores			NEFT INB: CNABMMLGX9                              TRANSFER TO 3197944044306 / Sattar Sanitary Stores	99922	"13,948.00"	 	"8,24,496.73"
12-Jun-21	12-Jun-21	   TO TRANSFER-INB NEFT UTR NO: SBIN221163651943--SHYAMS ENTERPRISES			NEFT INB: CNABMMLKJ2                              TRANSFER TO 3197944044306 / SHYAMS ENTERPRISES	99922	"3,913.00"	 	"8,20,583.73"
12-Jun-21	12-Jun-21	   TO TRANSFER-INB NEFT UTR NO: SBIN221163653836--SUPER TRADING CORPORATION			NEFT INB: CNABMMLLN0                              TRANSFER TO 3197944044306 / SUPER TRADING CORPORATION	99922	"20,678.00"	 	"7,99,905.73"
12-Jun-21	12-Jun-21	   TO TRANSFER-INB NEFT UTR NO: SBIN221163655774--NOBEL TILES WORLD			NEFT INB: CNABMMLMR8                              TRANSFER TO 3197944044306 / NOBEL TILES WORLD	99922	"22,500.00"	 	"7,77,405.73"
12-Jun-21	12-Jun-21	   TO TRANSFER-INB NEFT UTR NO: SBIN221163656463--SRI SENI Enterprises			NEFT INB: CNABMMLNM6                              TRANSFER TO 3197944044306 / SRI SENI Enterprises	99922	"6,134.00"	 	"7,71,271.73"
12-Jun-21	12-Jun-21	   TO TRANSFER-INB NEFT UTR NO: SBIN221163657719--SHRI Venkateswar Agency			NEFT INB: CNABMMLNT8                              TRANSFER TO 3197944044306 / SHRI Venkateswar Agency	99922	"6,000.00"	 	"7,65,271.73"
12-Jun-21	12-Jun-21	   BULK POSTING-CR_TAMILNADU SANITARY STO             05548442  11--			 / 	16899	 	"10,191.05"	"7,75,462.78"
13-Jun-21	13-Jun-21	   TO TRANSFER-INB NEFT UTR NO: SBIN221164967239--SUPER TRADING CORPORATION			NEFT INB: CNABMMZTO6                              TRANSFER TO 3197944044306 / SUPER TRADING CORPORATION	99922	"4,950.00"	 	"7,70,512.78"
13-Jun-21	13-Jun-21	   TO TRANSFER-INB NEFT UTR NO: SBIN221164967360--AJANTHA BATHROOM PRODUCTS AND PIPES			NEFT INB: CNABMMZSW4                              TRANSFER TO 3197944044306 / AJANTHA BATHROOM PRODUCTS AND PIPES	99922	"2,000.00"	 	"7,68,512.78"
13-Jun-21	13-Jun-21	   TO TRANSFER-INB NEFT UTR NO: SBIN221164967830--D S Associates			NEFT INB: CNABMMZTS4                              TRANSFER TO 3197944044306 / D S Associates	99922	"24,943.00"	 	"7,43,569.78"
13-Jun-21	13-Jun-21	   TO TRANSFER-INB NEFT UTR NO: SBIN221164968913--VALLI STEEL INDUSTRIES PVT LTD			NEFT INB: CNABMMZTU5                              TRANSFER TO 3197944044306 / VALLI STEEL INDUSTRIES PVT LTD	99922	"10,681.00"	 	"7,32,888.78"
13-Jun-21	13-Jun-21	   TO TRANSFER-INB NEFT UTR NO: SBIN221164969888--Madhup Distributors			NEFT INB: CNABMMZTW0                              TRANSFER TO 3197944044306 / Madhup Distributors	99922	"6,559.00"	 	"7,26,329.78"
13-Jun-21	13-Jun-21	   TO TRANSFER-INB NEFT UTR NO: SBIN221164970444--Andavar Marketing PVT LTD			NEFT INB: CNABMMZUD6                              TRANSFER TO 3197944044306 / Andavar Marketing PVT LTD	99922	"15,841.00"	 	"7,10,488.78"
13-Jun-21	13-Jun-21	   TO TRANSFER-INB NEFT UTR NO: SBIN221164971527--NOVELTY			NEFT INB: CNABMMZUH1                              TRANSFER TO 3197944044306 / NOVELTY	99922	"11,754.00"	 	"6,98,734.78"
13-Jun-21	13-Jun-21	   BULK POSTING-CR_TAMILNADU SANITARY STO             05549442  12--			 / 	16899	 	"2,374.51"	"7,01,109.29"
14-Jun-21	14-Jun-21	   BULK POSTING-CR_TAMILNADU SANITARY STO             05548442  13--			 / 	16899	 	"7,167.87"	"7,08,277.16"
14-Jun-21	14-Jun-21	   CASH DEPOSIT-CASH DEPOSIT SELF--			 / 	40236	 	"20,000.00"	"7,28,277.16"
14-Jun-21	14-Jun-21	   CASH DEPOSIT-CASH DEPOSIT SELF--			 / 	40236	 	"15,000.00"	"7,43,277.16"
15-Jun-21	15-Jun-21	   CASH DEPOSIT-CASH DEPOSIT SELF--			 / 	40236	 	"15,000.00"	"7,58,277.16"
15-Jun-21	15-Jun-21	CHEQUE DEPOSIT---466175			TRANSFER TO 20038337205                           Mr. SURESH KUMAR  A.C / 466175	40236	 	"23,770.00"	"7,82,047.16"
15-Jun-21	15-Jun-21	   CASH DEPOSIT-CASH DEPOSIT SELF--			 / 	40236	 	"17,000.00"	"7,99,047.16"
15-Jun-21	15-Jun-21	BY CLEARING / CHEQUE-INB   600019035-543185 600002332--543185			 / 543185	10395	 	"2,000.00"	"8,01,047.16"
15-Jun-21	15-Jun-21	BY CLEARING / CHEQUE-KCU   600054056-000849 600002332--849			 / 849	10395	 	"36,160.00"	"8,37,207.16"
16-Jun-21	16-Jun-21	   CASH DEPOSIT-CASH DEPOSIT SELF--			 / 	40236	 	"34,000.00"	"8,71,207.16"
16-Jun-21	16-Jun-21	CHEQUE WDL-CHEQUE TRANSFER TO--555452			TRANSFER FROM 32818937606                         GOLDEN HARDWARE CENTRE / 555452	40236	"8,327.00"	 	"8,62,880.16"
16-Jun-21	16-Jun-21	   TO TRANSFER-INB NEFT UTR NO: SBIN521167268060--Andavar Marketing PVT LTD			NEFT INB: CNABMPMZP4                              TRANSFER TO 3197944044306 / Andavar Marketing PVT LTD	99922	"6,695.00"	 	"8,56,185.16"
16-Jun-21	16-Jun-21	   BY TRANSFER-INB IMPS116715971471/9840761341/XX6292/Deposit--			MAB000781387384          MAB000781387384          TRANSFER FROM 4897990162094 / 	99922	 	"10,000.00"	"8,66,185.16"
16-Jun-21	16-Jun-21	   BY TRANSFER-UPI/CR/116709897718/AL AMEEN/ICIC/writetoala/test--			TRANSFER FROM 4693243162093 / 	40236	 	100	"8,66,285.16"
16-Jun-21	16-Jun-21	   BY TRANSFER-UPI/CR/116709937925/AL AMEEN/ICIC/writetoala/tiles--			TRANSFER FROM 5099018162093 / 	40236	 	"6,900.00"	"8,73,185.16"
16-Jun-21	16-Jun-21	   BY TRANSFER-NEFT*IOBA0001046*IOBAN21167682039*CHEMPLAST SANMAR--			TRANSFER FROM 3199421044306 / 	4430	 	"1,996.00"	"8,75,181.16"
17-Jun-21	17-Jun-21	   TO TRANSFER-INB NEFT UTR NO: SBIN521168855471--Andavar Marketing PVT LTD			NEFT INB: CNABMQEAI6                              TRANSFER TO 3197944044306 / Andavar Marketing PVT LTD	99922	"25,736.00"	 	"8,49,445.16"
17-Jun-21	17-Jun-21	   BULK POSTING-CR_TAMILNADU SANITARY STO             05548442  16--			 / 	16899	 	"1,809.86"	"8,51,255.02"
17-Jun-21	17-Jun-21	BY CLEARING / CHEQUE-INB   600019013-446337 600002332--446337			 / 446337	10395	 	"7,840.00"	"8,59,095.02"
17-Jun-21	17-Jun-21	BY CLEARING / CHEQUE-IOB   600020016-199608 600002332--199608			 / 199608	10395	 	"10,000.00"	"8,69,095.02"
17-Jun-21	17-Jun-21	   BULK POSTING-21149487806 ITD TAX REFUND AY 19-20 PAN AAAFT1789P--			 / 	4266	 	570	"8,69,665.02"
17-Jun-21	17-Jun-21	   BY TRANSFER-INB IMPS116819119034/9840761341/XX6292/Deposit--			MAB000782330702          MAB000782330702          TRANSFER FROM 4897991162094 / 	99922	 	"10,000.00"	"8,79,665.02"
18-Jun-21	18-Jun-21	   TO TRANSFER-INB NEFT UTR NO: SBIN121169571874--Andavar Marketing PVT LTD			NEFT INB: CNABMQYVP9                              TRANSFER TO 3197944044306 / Andavar Marketing PVT LTD	99922	"4,560.00"	 	"8,75,105.02"
18-Jun-21	18-Jun-21	   TO TRANSFER-INB NEFT UTR NO: SBIN121169572390--Adnan Allied Concern chennai			NEFT INB: CNABMQYVX6                              TRANSFER TO 3197944044306 / Adnan Allied Concern chennai	99922	"1,536.00"	 	"8,73,569.02"
18-Jun-21	18-Jun-21	   TO TRANSFER-INB NEFT UTR NO: SBIN121169573924--NOBEL TILES WORLD			NEFT INB: CNABMQYYO1                              TRANSFER TO 3197944044306 / NOBEL TILES WORLD	99922	"24,000.00"	 	"8,49,569.02"
18-Jun-21	18-Jun-21	   TO TRANSFER-INB NEFT UTR NO: SBIN121169577168--K M CERAMICS			NEFT INB: CNABMQZAV0                              TRANSFER TO 3197944044306 / K M CERAMICS	99922	"10,000.00"	 	"8,39,569.02"
18-Jun-21	18-Jun-21	   BULK POSTING-CR_TAMILNADU SANITARY STO             05548442  17--			 / 	16899	 	"2,340.00"	"8,41,909.02"
18-Jun-21	18-Jun-21	   CASH DEPOSIT-CASH DEPOSIT SELF--			 / 	40236	 	"20,000.00"	"8,61,909.02"
19-Jun-21	19-Jun-21	TO CLEARING-HDF   TNEBFORESHOREESTATE--555456			 / 555456	10395	"4,418.00"	 	"8,57,491.02"
20-Jun-21	20-Jun-21	   TO TRANSFER-INB NEFT UTR NO: SBIN321171036372--D S Associates			NEFT INB: CNABMSOSW9                              TRANSFER TO 3197944044306 / D S Associates	99922	"21,672.00"	 	"8,35,819.02"
20-Jun-21	20-Jun-21	   TO TRANSFER-INB NEFT UTR NO: SBIN321171035950--Sattar Sanitary Stores			NEFT INB: CNABMSOSY4                              TRANSFER TO 3197944044306 / Sattar Sanitary Stores	99922	"22,331.00"	 	"8,13,488.02"
20-Jun-21	20-Jun-21	   TO TRANSFER-INB NEFT UTR NO: SBIN321171037255--Shri Krishna Enterprises			NEFT INB: CNABMSOTA1                              TRANSFER TO 3197944044306 / Shri Krishna Enterprises	99922	"6,000.00"	 	"8,07,488.02"
20-Jun-21	20-Jun-21	   TO TRANSFER-INB NEFT UTR NO: SBIN321171037359--NOBEL TILES WORLD			NEFT INB: CNABMSOTB7                              TRANSFER TO 3197944044306 / NOBEL TILES WORLD	99922	"20,000.00"	 	"7,87,488.02"
20-Jun-21	20-Jun-21	   TO TRANSFER-INB NEFT UTR NO: SBIN321171038313--AJANTHA BATHROOM PRODUCTS AND PIPES			NEFT INB: CNABMSOTC8                              TRANSFER TO 3197944044306 / AJANTHA BATHROOM PRODUCTS AND PIPES	99922	"6,215.00"	 	"7,81,273.02"
20-Jun-21	20-Jun-21	   BULK POSTING-CR_TAMILNADU SANITARY STO             05549442  19--			 / 	16899	 	"14,840.70"	"7,96,113.72"
20-Jun-21	20-Jun-21	   BULK POSTING-CR_TAMILNADU SANITARY STO             05548442  19--			 / 	16899	 	320	"7,96,433.72"
21-Jun-21	21-Jun-21	CHEQUE WDL-CHEQUE TRANSFER TO--555454			TRANSFER FROM 32818937606                         GOLDEN HARDWARE CENTRE / 555454	40236	"9,303.00"	 	"7,87,130.72"
21-Jun-21	21-Jun-21	   CASH DEPOSIT-CASH DEPOSIT SELF--			 / 	40236	 	"22,000.00"	"8,09,130.72"
22-Jun-21	22-Jun-21	   BY TRANSFER-INB IMPS117310226718/9840761341/XX6292/Deposit--			MAC000759744695          MAC000759744695          TRANSFER FROM 4597937162096 / 	99922	 	"10,000.00"	"8,19,130.72"
22-Jun-21	22-Jun-21	   BULK POSTING-CR_TAMILNADU SANITARY STO             05548442  21--			 / 	16899	 	677.28	"8,19,808.00"
22-Jun-21	22-Jun-21	   BY TRANSFER-UPI/CR/117367518206/RAJARAM P/BARB/rajaram.re/UPI--			TRANSFER FROM 4693145162095 / 	40236	 	"2,820.00"	"8,22,628.00"
22-Jun-21	22-Jun-21	   BULK POSTING-CR_TAMILNADU SANITARY STO             05549442  21--			 / 	16899	 	"3,714.81"	"8,26,342.81"
22-Jun-21	22-Jun-21	   TO TRANSFER-INB--			21063300177783CKQ6809080               TRANSFER TO 36959637410                           POOLING ACCOUNT GST-MM / 	99922	"28,240.00"	 	"7,98,102.81"
22-Jun-21	22-Jun-21	   TO TRANSFER-INB--			110192442541CHG7586111               TRANSFER TO 4599226162099 / 	99922	"1,296.18"	 	"7,96,806.63"
22-Jun-21	22-Jun-21	   TO TRANSFER-INB--			110192444242CHG7586167               TRANSFER TO 4599225162090 / 	99922	"1,454.94"	 	"7,95,351.69"
22-Jun-21	22-Jun-21	   CASH DEPOSIT-CASH DEPOSIT SELF--			 / 	40236	 	"15,500.00"	"8,10,851.69"
22-Jun-21	22-Jun-21	   BY TRANSFER-INB IMPS117313737081/9841268667/XX6467/Tamilnadu--			MAB000785736759          MAB000785736759          TRANSFER FROM 4897975162094 / 	99922	 	"4,150.00"	"8,15,001.69"
23-Jun-21	23-Jun-21	TO CLEARING-KVB   MEHTA HARDWARES--555453			 / 555453	10395	"1,754.00"	 	"8,13,247.69"
23-Jun-21	23-Jun-21	   TO TRANSFER-INB NEFT UTR NO: SBIN421174958329--A S TRADERS			NEFT INB: CNABMUTYO0                              TRANSFER TO 3197944044306 / A S TRADERS	99922	"2,733.00"	 	"8,10,514.69"
23-Jun-21	23-Jun-21	   TO TRANSFER-INB NEFT UTR NO: SBIN421174959406--FRIENDLY SERVICES			NEFT INB: CNABMUTZD3                              TRANSFER TO 3197944044306 / FRIENDLY SERVICES	99922	"4,086.00"	 	"8,06,428.69"
23-Jun-21	23-Jun-21	   TO TRANSFER-INB NEFT UTR NO: SBIN421174959733--TRISHLA AGENCIES			NEFT INB: CNABMUTZK3                              TRANSFER TO 3197944044306 / TRISHLA AGENCIES	99922	"2,000.00"	 	"8,04,428.69"
23-Jun-21	23-Jun-21	   TO TRANSFER-INB NEFT UTR NO: SBIN421174959025--TRISHLA CORPORATION			NEFT INB: CNABMUTZP3                              TRANSFER TO 3197944044306 / TRISHLA CORPORATION	99922	"4,038.00"	 	"8,00,390.69"
23-Jun-21	23-Jun-21	   TO TRANSFER-INB NEFT UTR NO: SBIN421174961445--Andavar Marketing PVT LTD			NEFT INB: CNABMUUBK0                              TRANSFER TO 3197944044306 / Andavar Marketing PVT LTD	99922	"5,575.00"	 	"7,94,815.69"
23-Jun-21	23-Jun-21	   TO TRANSFER-INB NEFT UTR NO: SBIN421174961745--SHYAMS ENTERPRISES			NEFT INB: CNABMUUBF8                              TRANSFER TO 3197944044306 / SHYAMS ENTERPRISES	99922	"8,509.00"	 	"7,86,306.69"
23-Jun-21	23-Jun-21	   BULK POSTING-CR_TAMILNADU SANITARY STO             05549442  22--			 / 	16899	 	"9,454.26"	"7,95,760.95"
24-Jun-21	24-Jun-21	   BY TRANSFER-NEFT*HDFC0000001*N175211542199098*UMAYAL RAMANATHA--			TRANSFER FROM 3199957044306 / 	4430	 	"9,810.00"	"8,05,570.95"
24-Jun-21	24-Jun-21	   BULK POSTING-CR_TAMILNADU SANITARY STO             05549442  23--			 / 	16899	 	802.78	"8,06,373.73"
24-Jun-21	24-Jun-21	   BULK POSTING-CR_TAMILNADU SANITARY STO             05548442  23--			 / 	16899	 	"10,685.30"	"8,17,059.03"
25-Jun-21	25-Jun-21	   BULK POSTING-CR_TAMILNADU SANITARY STO             05549442  24--			 / 	16899	 	"7,924.98"	"8,24,984.01"
25-Jun-21	25-Jun-21	   BULK POSTING-CR_TAMILNADU SANITARY STO             05548442  24--			 / 	16899	 	"2,779.38"	"8,27,763.39"
25-Jun-21	25-Jun-21	CHEQUE DEPOSIT---110152			TRANSFER TO 54008571226                           Mr. NAGARAJAN  V / 110152	40236	 	"10,000.00"	"8,37,763.39"
26-Jun-21	26-Jun-21	   CSH DEP (CDM)-9092052786--			 / 	4292	 	"22,000.00"	"8,59,763.39"
26-Jun-21	26-Jun-21	   BULK POSTING-CR_TAMILNADU SANITARY STO             05549442  25--			 / 	16899	 	816.72	"8,60,580.11"
27-Jun-21	27-Jun-21	   TO TRANSFER-INB NEFT UTR NO: SBIN221178945751--D S Associates			NEFT INB: CNABMXYZE7                              TRANSFER TO 3197944044306 / D S Associates	99922	"23,205.00"	 	"8,37,375.11"
27-Jun-21	27-Jun-21	   TO TRANSFER-INB NEFT UTR NO: SBIN221178946850--D S Associates			NEFT INB: CNABMXYZG4                              TRANSFER TO 3197944044306 / D S Associates	99922	"18,189.00"	 	"8,19,186.11"
27-Jun-21	27-Jun-21	   TO TRANSFER-INB NEFT UTR NO: SBIN221178947548--Sattar Sanitary Stores			NEFT INB: CNABMXYZJ9                              TRANSFER TO 3197944044306 / Sattar Sanitary Stores	99922	"16,100.00"	 	"8,03,086.11"
27-Jun-21	27-Jun-21	   TO TRANSFER-INB NEFT UTR NO: SBIN221178947693--MANGALAM SANITARY			NEFT INB: CNABMXZAM5                              TRANSFER TO 3197944044306 / MANGALAM SANITARY	99922	"10,000.00"	 	"7,93,086.11"
27-Jun-21	27-Jun-21	   TO TRANSFER-INB NEFT UTR NO: SBIN221178947815--NOBEL TILES WORLD			NEFT INB: CNABMXYZY3                              TRANSFER TO 3197944044306 / NOBEL TILES WORLD	99922	"16,270.00"	 	"7,76,816.11"
27-Jun-21	27-Jun-21	   TO TRANSFER-INB NEFT UTR NO: SBIN221178947902--NOBEL TILES WORLD			NEFT INB: CNABMXZAA4                              TRANSFER TO 3197944044306 / NOBEL TILES WORLD	99922	"12,100.00"	 	"7,64,716.11"
27-Jun-21	27-Jun-21	   TO TRANSFER-INB NEFT UTR NO: SBIN221178948564--Galaxy Sales Trading Corporation			NEFT INB: CNABMXZAD7                              TRANSFER TO 3197944044306 / Galaxy Sales Trading Corporation	99922	"1,295.00"	 	"7,63,421.11"
27-Jun-21	27-Jun-21	   BULK POSTING-CR_TAMILNADU SANITARY STO             05549442  26--			 / 	16899	 	"16,601.13"	"7,80,022.24"
28-Jun-21	28-Jun-21	   CSH DEP (CDM)-9092052786--			 / 	4292	 	"20,000.00"	"8,00,022.24"
28-Jun-21	28-Jun-21	BY CLEARING / CHEQUE-KCU   600054002-001591 600002332--1591			 / 1591	10395	 	"30,000.00"	"8,30,022.24"
29-Jun-21	29-Jun-21	TO CLEARING-KVB   HUSSAIN SANITARY STORES--555457			 / 555457	10395	"2,407.00"	 	"8,27,615.24"
29-Jun-21	29-Jun-21	   BULK POSTING-CR_TAMILNADU SANITARY STO             05548442  28--			 / 	16899	 	"1,198.08"	"8,28,813.32"
29-Jun-21	29-Jun-21	   BULK POSTING-CR_TAMILNADU SANITARY STO             05549442  28--			 / 	16899	 	"48,761.00"	"8,77,574.32"
29-Jun-21	29-Jun-21	BY CLEARING / CHEQUE-KOT   600485017-000757 600002332--757			 / 757	10395	 	"1,260.00"	"8,78,834.32"
29-Jun-21	29-Jun-21	BY CLEARING / CHEQUE-CBI   600016003-121167 600002332--121167			 / 121167	10395	 	790	"8,79,624.32"
29-Jun-21	29-Jun-21	BY CLEARING / CHEQUE-IOB   600020016-199610 600002332--199610			 / 199610	10395	 	"12,293.00"	"8,91,917.32"
29-Jun-21	29-Jun-21	   BY TRANSFER-NEFT*IOBA0001046*IOBAN21180695758*CHEMPLAST SANMAR--			TRANSFER FROM 3199960044301 / 	4430	 	390	"8,92,307.32"
30-Jun-21	30-Jun-21	   CSH DEP (CDM)-9092052786--			 / 	4292	 	"13,500.00"	"9,05,807.32"
30-Jun-21	30-Jun-21	   TO TRANSFER-INB Payment towards Invoice/Bill--			CTO3167507               TRANSFER TO 57002369188                           NELLAI CERAMIC CENTRE / 	99922	"5,685.00"	 	"9,00,122.32"
30-Jun-21	30-Jun-21	   TO TRANSFER-INB NEFT UTR NO: SBIN521181492182--GUPTA SALES CORPORATION			NEFT INB: CNABNAEWB5                              TRANSFER TO 3197944044306 / GUPTA SALES CORPORATION	99922	"2,053.00"	 	"8,98,069.32"
30-Jun-21	30-Jun-21	   TO TRANSFER-INB NEFT UTR NO: SBIN521181493147--ABHIVAIRAVANS PLUMBING CO			NEFT INB: CNABNAEWI2                              TRANSFER TO 3197944044306 / ABHIVAIRAVANS PLUMBING CO	99922	"6,740.00"	 	"8,91,329.32"
30-Jun-21	30-Jun-21	   TO TRANSFER-INB NEFT UTR NO: SBIN521181495051--SRI SENI Enterprises			NEFT INB: CNABNAEWQ4                              TRANSFER TO 3197944044306 / SRI SENI Enterprises	99922	"13,724.00"	 	"8,77,605.32"
									
**This is a computer generated statement and does not require a signature									
