Account Name       :                	TAMILNADU SANITARY STORES						
Address            :	"NO 143,  KUTCHERY ROAD,  MYLAPORE  Chennai"						
                                    	CHENNAI						
                                    	TAMILNADU-600004						
                                    	India						
Date               :                	13-Jun-22						
Account Number     :	_00000030976446269						
Account Description:	CA-REGULAR-PUB-OTH-ALL-INR						
Branch             :	SANTHOME						
Drawing Power      :	0						
Interest Rate(% p.a.):	0						
MOD Balance      :	0						
CIF No.          :	_85676868920						
IFS Code         :	SBIN0040236						
MICR Code        :	_600002332						
Balance on 1 May 2022        :	"8,96,326.43"						
Start Date          :	01-May-22						
End Date            :	31-May-22						
Txn Date	Value Date	Description	Ref No./Cheque No.	Branch Code	        Debit	Credit	Balance
01-May-22	01-May-22	   TO TRANSFER-INB NEFT UTR NO: SBIN122121557109--PROVIDENT MARKETING	NEFT INB: CNABYAMKK3                              TRANSFER TO 4899157044304 / PROVIDENT MARKETING	99922	"5,000.00"	 	"8,91,326.43"
01-May-22	01-May-22	   TO TRANSFER-INB NEFT UTR NO: SBIN122121558372--Lakshmi Hayagrivaa Maarketing	NEFT INB: CNABYAMKO5                              TRANSFER TO 4899157044304 / Lakshmi Hayagrivaa Maarketing	99922	"3,000.00"	 	"8,88,326.43"
01-May-22	01-May-22	   TO TRANSFER-INB NEFT UTR NO: SBIN122121560155--SHYAMS ENTERPRISES	NEFT INB: CNABYAMKR9                              TRANSFER TO 4899157044304 / SHYAMS ENTERPRISES	99922	"6,045.00"	 	"8,82,281.43"
01-May-22	01-May-22	   TO TRANSFER-INB NEFT UTR NO: SBIN122121561698--Shabbir Sanitary Stores	NEFT INB: CNABYAMMJ6                              TRANSFER TO 4899157044304 / Shabbir Sanitary Stores	99922	"10,384.00"	 	"8,71,897.43"
01-May-22	01-May-22	   TO TRANSFER-INB NEFT UTR NO: SBIN122121562942--AJANTHA BATHROOM PRODUCTS AND PIPES	NEFT INB: CNABYAMLW9                              TRANSFER TO 4899157044304 / AJANTHA BATHROOM PRODUCTS AND PIPES	99922	"9,795.00"	 	"8,62,102.43"
01-May-22	01-May-22	   TO TRANSFER-INB NEFT UTR NO: SBIN122121566060--Shri Krishna Enterprises	NEFT INB: CNABYAMMQ7                              TRANSFER TO 4899157044304 / Shri Krishna Enterprises	99922	"4,508.00"	 	"8,57,594.43"
01-May-22	01-May-22	   TO TRANSFER-INB NEFT UTR NO: SBIN122121565952--MANGALAM SANITARY	NEFT INB: CNABYAMMU3                              TRANSFER TO 4899157044304 / MANGALAM SANITARY	99922	"5,256.00"	 	"8,52,338.43"
01-May-22	01-May-22	   TO TRANSFER-INB NEFT UTR NO: SBIN122121569095--GERMA Sanitarywares PVT LTD	NEFT INB: CNABYAMME9                              TRANSFER TO 4899157044304 / GERMA Sanitarywares PVT LTD	99922	"5,827.00"	 	"8,46,511.43"
01-May-22	01-May-22	   TO TRANSFER-INB Payment towards Invoice/Bill--	CTS1697960               TRANSFER TO 32818937606                           GOLDEN HARDWARE CENTRE / 	99922	"4,426.00"	 	"8,42,085.43"
01-May-22	01-May-22	   TO TRANSFER-INB NEFT UTR NO: SBIN122121572637--Shiv Shakti Agencies	NEFT INB: CNABYAMNZ6                              TRANSFER TO 4899157044304 / Shiv Shakti Agencies	99922	"7,999.00"	 	"8,34,086.43"
01-May-22	01-May-22	   TO TRANSFER-INB NEFT UTR NO: SBIN122121574160--Sattar Sanitary Stores	NEFT INB: CNABYAMOW2                              TRANSFER TO 4899157044304 / Sattar Sanitary Stores	99922	"17,154.00"	 	"8,16,932.43"
01-May-22	01-May-22	   TO TRANSFER-INB NEFT UTR NO: SBIN122121576508--D S Associates	NEFT INB: CNABYAMOG8                              TRANSFER TO 4899157044304 / D S Associates	99922	"6,542.00"	 	"8,10,390.43"
01-May-22	01-May-22	   TO TRANSFER-INB NEFT UTR NO: SBIN122121576915--D S Associates	NEFT INB: CNABYAMPF0                              TRANSFER TO 4899157044304 / D S Associates	99922	"18,202.00"	 	"7,92,188.43"
01-May-22	01-May-22	   TO TRANSFER-INB NEFT UTR NO: SBIN122121579525--SRI SENI Enterprises	NEFT INB: CNABYAMPJ0                              TRANSFER TO 4899157044304 / SRI SENI Enterprises	99922	"9,957.00"	 	"7,82,231.43"
01-May-22	01-May-22	   TO TRANSFER-INB NEFT UTR NO: SBIN122121581152--ARUNKUMAR MANOHARAN	NEFT INB: CNABYAMRA8                              TRANSFER TO 4899157044304 / ARUNKUMAR MANOHARAN	99922	"5,000.00"	 	"7,77,231.43"
02-May-22	02-May-22	   BULK POSTING-CR_TAMILNADU SANITARY STO     05549442        3004--	 / 	16899	 	"8,552.68"	"7,85,784.11"
02-May-22	02-May-22	   CASH DEPOSIT-CASH DEPOSIT SELF--	 / 	40236	 	"85,500.00"	"8,71,284.11"
02-May-22	02-May-22	   BULK POSTING-CR_TAMILNADU SANITARY STO     05549442        0105--	 / 	16899	 	"2,028.50"	"8,73,312.61"
02-May-22	02-May-22	BY CLEARING / CHEQUE-KCU   600054013-001227 600002332--1227	 / 1227	10395	 	"13,000.00"	"8,86,312.61"
02-May-22	02-May-22	   BY TRANSFER-UPI/CR/212237288121/RAJKUMAR/UTIB/ideacreato/UPI--	TRANSFER FROM 4693080162095 / 	40236	 	"5,280.00"	"8,91,592.61"
03-May-22	03-May-22	   TO TRANSFER-INB Payment towards Invoice/Bill--	CTS1914807               TRANSFER TO 32423647359                           ARAVIND CERAMICS PRIVA / 	99922	"4,890.00"	 	"8,86,702.61"
03-May-22	03-May-22	   TO TRANSFER-INB Payment towards Invoice/Bill--	CTS1914840               TRANSFER TO 57002369188                           NELLAI CERAMIC CENTRE / 	99922	"15,647.00"	 	"8,71,055.61"
03-May-22	03-May-22	   TO TRANSFER-INB NEFT UTR NO: SBIN322123087186--VALLI STEEL INDUSTRIES PVT LTD	NEFT INB: CNABYBXZN6                              TRANSFER TO 4899157044304 / VALLI STEEL INDUSTRIES PVT LTD	99922	"2,335.00"	 	"8,68,720.61"
03-May-22	03-May-22	   TO TRANSFER-INB NEFT UTR NO: SBIN322123088810--AJANTHA BATHROOM PRODUCTS AND PIPES	NEFT INB: CNABYBYAN7                              TRANSFER TO 4899157044304 / AJANTHA BATHROOM PRODUCTS AND PIPES	99922	"20,000.00"	 	"8,48,720.61"
03-May-22	03-May-22	   TO TRANSFER-INB NEFT UTR NO: SBIN322123089404--NOBEL TILES WORLD	NEFT INB: CNABYBYAA7                              TRANSFER TO 4899157044304 / NOBEL TILES WORLD	99922	"10,000.00"	 	"8,38,720.61"
03-May-22	03-May-22	   TO TRANSFER-INB NEFT UTR NO: SBIN322123089990--NOBEL TILES WORLD	NEFT INB: CNABYBYCA1                              TRANSFER TO 4899157044304 / NOBEL TILES WORLD	99922	"16,168.00"	 	"8,22,552.61"
03-May-22	03-May-22	   TO TRANSFER-INB NEFT UTR NO: SBIN322123090593--Andavar Marketing PVT LTD	NEFT INB: CNABYBYED3                              TRANSFER TO 4899157044304 / Andavar Marketing PVT LTD	99922	"23,251.00"	 	"7,99,301.61"
03-May-22	03-May-22	   TO TRANSFER-INB NEFT UTR NO: SBIN322123092427--D S Associates	NEFT INB: CNABYBYFX8                              TRANSFER TO 4899157044304 / D S Associates	99922	"30,000.00"	 	"7,69,301.61"
03-May-22	03-May-22	   BULK POSTING-CR_TAMILNADU SANITARY STO     05549442        0205--	 / 	16899	 	"22,165.60"	"7,91,467.21"
03-May-22	03-May-22	   BULK POSTING-CR_TAMILNADU SANITARY STO     05548442        0205--	 / 	16899	 	"14,984.73"	"8,06,451.94"
04-May-22	04-May-22	   BULK POSTING-CR_TAMILNADU SANITARY STO     05548442        0305--	 / 	16899	 	"8,293.91"	"8,14,745.85"
04-May-22	04-May-22	   BULK POSTING-CR_TAMILNADU SANITARY STO     05549442        0305--	 / 	16899	 	"5,628.58"	"8,20,374.43"
05-May-22	05-May-22	   BULK POSTING-CR_TAMILNADU SANITARY STO     05548442        0405--	 / 	16899	 	"32,000.00"	"8,52,374.43"
05-May-22	05-May-22	   BULK POSTING-CR_TAMILNADU SANITARY STO     05549442        0405--	 / 	16899	 	"11,166.27"	"8,63,540.70"
05-May-22	05-May-22	   BY TRANSFER-UPI/CR/212514849986/Mr JAYAR/CIUB/nelliserry/UPI--	TRANSFER FROM 5098505162096 / 	40236	 	"5,380.00"	"8,68,920.70"
06-May-22	06-May-22	   CASH DEPOSIT-CASH DEPOSIT SELF--	 / 	40236	 	"39,000.00"	"9,07,920.70"
06-May-22	06-May-22	   TO TRANSFER-INB NEFT UTR NO: SBIN122126110978--Andavar Marketing PVT LTD	NEFT INB: CNABYEXQE9                              TRANSFER TO 4899157044304 / Andavar Marketing PVT LTD	99922	"25,000.00"	 	"8,82,920.70"
06-May-22	06-May-22	   TO TRANSFER-INB NEFT UTR NO: SBIN122126111178--NOBEL TILES WORLD	NEFT INB: CNABYEXRY5                              TRANSFER TO 4899157044304 / NOBEL TILES WORLD	99922	"14,392.00"	 	"8,68,528.70"
06-May-22	06-May-22	   TO TRANSFER-INB NEFT UTR NO: SBIN122126115398--AJANTHA BATHROOM PRODUCTS AND PIPES	NEFT INB: CNABYEXSR6                              TRANSFER TO 4899157044304 / AJANTHA BATHROOM PRODUCTS AND PIPES	99922	"10,494.00"	 	"8,58,034.70"
06-May-22	06-May-22	   TO TRANSFER-INB Payment towards Invoice/Bill--	CTS2318649               TRANSFER TO 57002369188                           NELLAI CERAMIC CENTRE / 	99922	"15,606.00"	 	"8,42,428.70"
06-May-22	06-May-22	   TO TRANSFER-INB NEFT UTR NO: SBIN122126116166--MANGALAM SANITARY	NEFT INB: CNABYEXVE1                              TRANSFER TO 4899157044304 / MANGALAM SANITARY	99922	"11,511.00"	 	"8,30,917.70"
06-May-22	06-May-22	   TO TRANSFER-INB NEFT UTR NO: SBIN122126117608--ASHOK SANITARYWARE	NEFT INB: CNABYEXVM8                              TRANSFER TO 4899157044304 / ASHOK SANITARYWARE	99922	"4,790.00"	 	"8,26,127.70"
06-May-22	06-May-22	   TO TRANSFER-INB NEFT UTR NO: SBIN122126118962--PRECI TECH PLASTICS	NEFT INB: CNABYEXWF0                              TRANSFER TO 4899157044304 / PRECI TECH PLASTICS	99922	"6,950.00"	 	"8,19,177.70"
06-May-22	06-May-22	   TO TRANSFER-INB Payment towards Invoice/Bill--	CTS2319283               TRANSFER TO 32818937606                           GOLDEN HARDWARE CENTRE / 	99922	"2,948.00"	 	"8,16,229.70"
06-May-22	06-May-22	   TO TRANSFER-INB NEFT UTR NO: SBIN122126120866--Sattar Sanitary Stores	NEFT INB: CNABYEXZP8                              TRANSFER TO 4899157044304 / Sattar Sanitary Stores	99922	"10,733.00"	 	"8,05,496.70"
06-May-22	06-May-22	   TO TRANSFER-INB NEFT UTR NO: SBIN122126121512--SRI SENI Enterprises	NEFT INB: CNABYEYBE5                              TRANSFER TO 4899157044304 / SRI SENI Enterprises	99922	"9,237.00"	 	"7,96,259.70"
06-May-22	06-May-22	   TO TRANSFER-INB NEFT UTR NO: SBIN122126121663--D S Associates	NEFT INB: CNABYEYAW1                              TRANSFER TO 4899157044304 / D S Associates	99922	"10,188.00"	 	"7,86,071.70"
06-May-22	06-May-22	   TO TRANSFER-INB NEFT UTR NO: SBIN122126122865--D S Associates	NEFT INB: CNABYEYCB3                              TRANSFER TO 4899157044304 / D S Associates	99922	"14,893.00"	 	"7,71,178.70"
06-May-22	06-May-22	   BULK POSTING-CR_TAMILNADU SANITARY STO     05548442        0505--	 / 	16899	 	"23,596.71"	"7,94,775.41"
06-May-22	06-May-22	   BULK POSTING-CR_TAMILNADU SANITARY STO     05549442        0505--	 / 	16899	 	"3,195.70"	"7,97,971.11"
06-May-22	06-May-22	   BY TRANSFER-UPI/CR/212663564331/NEW SADI/BARB/sadicbasha/tile--	TRANSFER FROM 5099145162097 / 	40236	 	"11,700.00"	"8,09,671.11"
07-May-22	07-May-22	   TO TRANSFER-INB NEFT UTR NO: SBIN222127488551--Lakshmi Hayagrivaa Maarketing	NEFT INB: CNABYGDFB1                              TRANSFER TO 4899157044304 / Lakshmi Hayagrivaa Maarketing	99922	"2,000.00"	 	"8,07,671.11"
07-May-22	07-May-22	   TO TRANSFER-INB NEFT UTR NO: SBIN222127489540--Sri Kesava Traders	NEFT INB: CNABYGDFK2                              TRANSFER TO 4899157044304 / Sri Kesava Traders	99922	"7,960.00"	 	"7,99,711.11"
07-May-22	07-May-22	   TO TRANSFER-INB NEFT UTR NO: SBIN222127489218--PROVIDENT MARKETING	NEFT INB: CNABYGDHI7                              TRANSFER TO 4899157044304 / PROVIDENT MARKETING	99922	"5,000.00"	 	"7,94,711.11"
07-May-22	07-May-22	   TO TRANSFER-INB Salary Payment--	CTS2472146               TRANSFER TO 32950808735                           Mr. KASI  R / 	99922	"17,000.00"	 	"7,77,711.11"
07-May-22	07-May-22	   TO TRANSFER-INB Salary Payment--	CTS2472614               TRANSFER TO 31054735034                           Mr. NOUSHAD  ABDUL SAL / 	99922	"15,000.00"	 	"7,62,711.11"
07-May-22	07-May-22	   BULK POSTING-CR_TAMILNADU SANITARY STO     05549442        0605--	 / 	16899	 	"5,866.40"	"7,68,577.51"
07-May-22	07-May-22	   BY TRANSFER-NEFT*DBSS0IN0811*0811OP2104887098*Chemplast Sanmar--	TRANSFER FROM 3199965044307 / 	4430	 	"3,160.00"	"7,71,737.51"
09-May-22	09-May-22	TO CLEARING-RTN   DAWOODIBOHRAJAMAATTRUSTCH--250740	 / 250740	10395	"32,000.00"	 	"7,39,737.51"
09-May-22	09-May-22	   TO TRANSFER-INB NEFT UTR NO: SBIN322129806350--Andavar Marketing PVT LTD	NEFT INB: CNABYHOTC5                              TRANSFER TO 4899157044304 / Andavar Marketing PVT LTD	99922	"8,197.00"	 	"7,31,540.51"
09-May-22	09-May-22	   TO TRANSFER-INB NEFT UTR NO: SBIN322129806809--VASSAVI TRADERS	NEFT INB: CNABYHOTX1                              TRANSFER TO 4899157044304 / VASSAVI TRADERS	99922	"12,527.00"	 	"7,19,013.51"
09-May-22	09-May-22	   TO TRANSFER-INB NEFT UTR NO: SBIN322129808325--Annam Enterprises	NEFT INB: CNABYHOUT7                              TRANSFER TO 4899157044304 / Annam Enterprises	99922	"8,000.00"	 	"7,11,013.51"
09-May-22	09-May-22	   TO TRANSFER-INB NEFT UTR NO: SBIN322129808772--SHRI Venkateswar Agency	NEFT INB: CNABYHOWF4                              TRANSFER TO 4899157044304 / SHRI Venkateswar Agency	99922	"7,000.00"	 	"7,04,013.51"
09-May-22	09-May-22	   TO TRANSFER-INB NEFT UTR NO: SBIN322129809584--Andavar Marketing PVT LTD	NEFT INB: CNABYHOWO3                              TRANSFER TO 4899157044304 / Andavar Marketing PVT LTD	99922	"17,551.00"	 	"6,86,462.51"
09-May-22	09-May-22	   TO TRANSFER-INB NEFT UTR NO: SBIN322129810147--NOBEL TILES WORLD	NEFT INB: CNABYHOYP5                              TRANSFER TO 4899157044304 / NOBEL TILES WORLD	99922	"20,000.00"	 	"6,66,462.51"
09-May-22	09-May-22	   TO TRANSFER-INB NEFT UTR NO: SBIN322129811754--Sattar Sanitary Stores	NEFT INB: CNABYHPAG8                              TRANSFER TO 4899157044304 / Sattar Sanitary Stores	99922	"11,073.00"	 	"6,55,389.51"
09-May-22	09-May-22	   TO TRANSFER-INB NEFT UTR NO: SBIN322129812564--SRI SENI Enterprises	NEFT INB: CNABYHPAP7                              TRANSFER TO 4899157044304 / SRI SENI Enterprises	99922	"8,154.00"	 	"6,47,235.51"
09-May-22	09-May-22	   TO TRANSFER-INB NEFT UTR NO: SBIN322129813331--D S Associates	NEFT INB: CNABYHPCL2                              TRANSFER TO 4899157044304 / D S Associates	99922	"10,000.00"	 	"6,37,235.51"
09-May-22	09-May-22	   TO TRANSFER-INB NEFT UTR NO: SBIN322129813130--D S Associates	NEFT INB: CNABYHPCT3                              TRANSFER TO 4899157044304 / D S Associates	99922	"5,770.00"	 	"6,31,465.51"
09-May-22	09-May-22	   TO TRANSFER-INB NEFT UTR NO: SBIN322129814061--D S Associates	NEFT INB: CNABYHPDV9                              TRANSFER TO 4899157044304 / D S Associates	99922	"15,000.00"	 	"6,16,465.51"
09-May-22	09-May-22	   TO TRANSFER-INB NEFT UTR NO: SBIN322129814946--MANGALAM SANITARY	NEFT INB: CNABYHPFB6                              TRANSFER TO 4899157044304 / MANGALAM SANITARY	99922	"10,000.00"	 	"6,06,465.51"
09-May-22	09-May-22	   TO TRANSFER-INB NEFT UTR NO: SBIN322129816017--SHYAMS ENTERPRISES	NEFT INB: CNABYHPHY8                              TRANSFER TO 4899157044304 / SHYAMS ENTERPRISES	99922	"10,235.00"	 	"5,96,230.51"
09-May-22	09-May-22	   BULK POSTING-CR_TAMILNADU SANITARY STO     05548442        0705--	 / 	16899	 	894.36	"5,97,124.87"
09-May-22	09-May-22	   BULK POSTING-CR_TAMILNADU SANITARY STO     05549442        0705--	 / 	16899	 	"20,875.61"	"6,18,000.48"
09-May-22	09-May-22	BY CLEARING / CHEQUE-KVB   600053008-004292 600002332--4292	 / 4292	10395	 	896	"6,18,896.48"
10-May-22	10-May-22	   CASH DEPOSIT-CASH DEPOSIT SELF--	 / 	40236	 	"65,500.00"	"6,84,396.48"
10-May-22	10-May-22	   BY TRANSFER-UPI/CR/213035145960/BALAJI V/CNRB/balajiveer/UPI--	TRANSFER FROM 5098894162090 / 	40236	 	"2,290.00"	"6,86,686.48"
11-May-22	11-May-22	TO CLEARING-CIT   NEW INDIA ASSURANCE CHEN--250741	 / 250741	10395	"1,267.00"	 	"6,85,419.48"
11-May-22	11-May-22	   BY TRANSFER-NEFT*IDIB000B027*IDIBH22131162224*M S  SCIENTIFIC--	TRANSFER FROM 3199414044305 / 	4430	 	"6,250.00"	"6,91,669.48"
11-May-22	11-May-22	   BULK POSTING-CR_TAMILNADU SANITARY STO     05548442        1005--	 / 	16899	 	"13,450.76"	"7,05,120.24"
11-May-22	11-May-22	   BY TRANSFER-NEFT*CBIN0283026*CBINH22131812168*SAVERA INDUSTRIE--	TRANSFER FROM 3199420044306 / 	4430	 	"2,100.00"	"7,07,220.24"
12-May-22	12-May-22	   BY TRANSFER-UPI/CR/213244412667/RAMAMOOR/HDFC/rammoorthy/tap j--	TRANSFER FROM 5099101162098 / 	40236	 	"4,050.00"	"7,11,270.24"
12-May-22	12-May-22	   BY TRANSFER-INB IMPS213213196358/9840015710/XX1952/Supreme H--	MAD000109816928          MAD000109816928          TRANSFER FROM 4897992162093 / 	99922	 	"3,500.00"	"7,14,770.24"
12-May-22	12-May-22	BY CLEARING / CHEQUE-INB   600019092-176638 600002332--176638	 / 176638	10395	 	"11,040.00"	"7,25,810.24"
12-May-22	12-May-22	BY CLEARING / CHEQUE-INB   600019092-176637 600002332--176637	 / 176637	10395	 	"3,450.00"	"7,29,260.24"
13-May-22	13-May-22	   CASH DEPOSIT-CASH DEPOSIT SELF--	 / 	40236	 	"48,000.00"	"7,77,260.24"
13-May-22	13-May-22	   BULK POSTING-CR_TAMILNADU SANITARY STO     05548442        1205--	 / 	16899	 	"1,663.32"	"7,78,923.56"
13-May-22	13-May-22	   BULK POSTING-CR_TAMILNADU SANITARY STO     05549442        1205--	 / 	16899	 	"2,984.73"	"7,81,908.29"
13-May-22	13-May-22	   TO TRANSFER-INB NEFT UTR NO: SBIN422133983002--PROVIDENT MARKETING	NEFT INB: CNABYMSSZ1                              TRANSFER TO 4899157044304 / PROVIDENT MARKETING	99922	"4,641.00"	 	"7,77,267.29"
13-May-22	13-May-22	   TO TRANSFER-INB NEFT UTR NO: SBIN422133987892--Andavar Marketing PVT LTD	NEFT INB: CNABYMSUC1                              TRANSFER TO 4899157044304 / Andavar Marketing PVT LTD	99922	"20,000.00"	 	"7,57,267.29"
13-May-22	13-May-22	   TO TRANSFER-INB NEFT UTR NO: SBIN422133992369--NOBEL TILES WORLD	NEFT INB: CNABYMSVU5                              TRANSFER TO 4899157044304 / NOBEL TILES WORLD	99922	"7,597.00"	 	"7,49,670.29"
13-May-22	13-May-22	   TO TRANSFER-INB NEFT UTR NO: SBIN422133994675--PROVIDENT MARKETING	NEFT INB: CNABYMSYM7                              TRANSFER TO 4899157044304 / PROVIDENT MARKETING	99922	"5,144.00"	 	"7,44,526.29"
13-May-22	13-May-22	   TO TRANSFER-INB NEFT UTR NO: SBIN422133996883--NOBEL TILES WORLD	NEFT INB: CNABYMSYG9                              TRANSFER TO 4899157044304 / NOBEL TILES WORLD	99922	"15,074.00"	 	"7,29,452.29"
14-May-22	14-May-22	   TO TRANSFER-INB NEFT UTR NO: SBIN522134599808--SHYAMS ENTERPRISES	NEFT INB: CNABYNFZH1                              TRANSFER TO 4899157044304 / SHYAMS ENTERPRISES	99922	"11,791.00"	 	"7,17,661.29"
14-May-22	14-May-22	   TO TRANSFER-INB NEFT UTR NO: SBIN522134599956--MANGALAM SANITARY	NEFT INB: CNABYNGAO4                              TRANSFER TO 4899157044304 / MANGALAM SANITARY	99922	"10,000.00"	 	"7,07,661.29"
14-May-22	14-May-22	   TO TRANSFER-INB NEFT UTR NO: SBIN522134601583--SRI SENI Enterprises	NEFT INB: CNABYNGBQ6                              TRANSFER TO 4899157044304 / SRI SENI Enterprises	99922	"1,256.00"	 	"7,06,405.29"
14-May-22	14-May-22	   TO TRANSFER-INB NEFT UTR NO: SBIN522134602370--SRI SENI Enterprises	NEFT INB: CNABYNGCW7                              TRANSFER TO 4899157044304 / SRI SENI Enterprises	99922	"10,000.00"	 	"6,96,405.29"
14-May-22	14-May-22	   BULK POSTING-CR_TAMILNADU SANITARY STO     05549442        1305--	 / 	16899	 	"11,985.10"	"7,08,390.39"
14-May-22	14-May-22	   TO TRANSFER-INB NEFT UTR NO: SBIN522134611842--D S Associates	NEFT INB: CNABYNGPB8                              TRANSFER TO 4899157044304 / D S Associates	99922	"13,008.00"	 	"6,95,382.39"
14-May-22	14-May-22	   BY TRANSFER-INB IMPS213412094060/9962350035/XX4241/Against bi--	MAF000110943501          MAF000110943501          TRANSFER FROM 4597956162093 / 	99922	 	"3,400.00"	"6,98,782.39"
14-May-22	14-May-22	   BY TRANSFER-UPI/CR/213424582651/SATHYAVA/CNRB/meghashyam/UPI--	TRANSFER FROM 5099214162090 / 	40246	 	"40,000.00"	"7,38,782.39"
15-May-22	15-May-22	   TO TRANSFER-INB NEFT UTR NO: SBIN122135016586--K M CERAMICS	NEFT INB: CNABYNWIP2                              TRANSFER TO 4899157044304 / K M CERAMICS	99922	"15,000.00"	 	"7,23,782.39"
15-May-22	15-May-22	   TO TRANSFER-INB NEFT UTR NO: SBIN122135015686--AJANTHA BATHROOM PRODUCTS AND PIPES	NEFT INB: CNABYNWIS4                              TRANSFER TO 4899157044304 / AJANTHA BATHROOM PRODUCTS AND PIPES	99922	"25,000.00"	 	"6,98,782.39"
15-May-22	15-May-22	   TO TRANSFER-INB NEFT UTR NO: SBIN122135016826--Hussain Sanitary Stores	NEFT INB: CNABYNWJW9                              TRANSFER TO 4899157044304 / Hussain Sanitary Stores	99922	"4,897.00"	 	"6,93,885.39"
15-May-22	15-May-22	   TO TRANSFER-INB NEFT UTR NO: SBIN122135026109--D S Associates	NEFT INB: CNABYNWOS6                              TRANSFER TO 4899157044304 / D S Associates	99922	"15,000.00"	 	"6,78,885.39"
15-May-22	15-May-22	   TO TRANSFER-INB NEFT UTR NO: SBIN122135025439--NOBEL TILES WORLD	NEFT INB: CNABYNWOW2                              TRANSFER TO 4899157044304 / NOBEL TILES WORLD	99922	"10,000.00"	 	"6,68,885.39"
15-May-22	15-May-22	   TO TRANSFER-INB NEFT UTR NO: SBIN122135025955--Andavar Marketing PVT LTD	NEFT INB: CNABYNWOZ6                              TRANSFER TO 4899157044304 / Andavar Marketing PVT LTD	99922	"9,386.00"	 	"6,59,499.39"
15-May-22	15-May-22	   TO TRANSFER-INB Payment towards Invoice/Bill--	CTS3491008               TRANSFER TO 57002369188                           NELLAI CERAMIC CENTRE / 	99922	"18,889.00"	 	"6,40,610.39"
16-May-22	16-May-22	   BULK POSTING-CR_TAMILNADU SANITARY STO     05549442        1405--	 / 	16899	 	"6,994.92"	"6,47,605.31"
16-May-22	16-May-22	   BULK POSTING-CR_TAMILNADU SANITARY STO     05548442        1405--	 / 	16899	 	"20,541.91"	"6,68,147.22"
16-May-22	16-May-22	   BULK POSTING-CR_TAMILNADU SANITARY STO     05549442        1505--	 / 	16899	 	577.68	"6,68,724.90"
16-May-22	16-May-22	BY CLEARING / CHEQUE-BOB   600012076-000568 600002332--568	 / 568	10395	 	"6,850.00"	"6,75,574.90"
16-May-22	16-May-22	   OUT-CHQ RETURN-01Funds Insufficient differsother than Date fieldr--	 / 	10395	"6,850.00"	 	"6,68,724.90"
16-May-22	16-May-22	cheque returned charges---568	 / 568	10395	295	 	"6,68,429.90"
16-May-22	16-May-22	   BY TRANSFER-NEFT*ICIC0000009*CMS2584942446*THG PUBLISHING PVT--	TRANSFER FROM 3199677044304 / 	4430	 	"2,040.00"	"6,70,469.90"
16-May-22	16-May-22	   BY TRANSFER-NEFT*ICIC0000009*CMS2584942445*THG PUBLISHING PVT--	TRANSFER FROM 3199964044308 / 	4430	 	"7,980.00"	"6,78,449.90"
17-May-22	17-May-22	   TO TRANSFER-INB NEFT UTR NO: SBIN222137439873--Sattar Sanitary Stores	NEFT INB: CNABYPCDY5                              TRANSFER TO 4899157044304 / Sattar Sanitary Stores	99922	"5,183.00"	 	"6,73,266.90"
17-May-22	17-May-22	   TO TRANSFER-INB Payment towards Invoice/Bill--	CTS3642288               TRANSFER TO 32818937606                           GOLDEN HARDWARE CENTRE / 	99922	"3,244.00"	 	"6,70,022.90"
17-May-22	17-May-22	   TO TRANSFER-INB NEFT UTR NO: SBIN222137441675--MANGALAM SANITARY	NEFT INB: CNABYPCEY7                              TRANSFER TO 4899157044304 / MANGALAM SANITARY	99922	"12,827.00"	 	"6,57,195.90"
17-May-22	17-May-22	   TO TRANSFER-INB NEFT UTR NO: SBIN222137441882--GERMA Sanitarywares PVT LTD	NEFT INB: CNABYPCGF0                              TRANSFER TO 4899157044304 / GERMA Sanitarywares PVT LTD	99922	"7,000.00"	 	"6,50,195.90"
17-May-22	17-May-22	   TO TRANSFER-INB NEFT UTR NO: SBIN222137444499--AJANTHA BATHROOM PRODUCTS AND PIPES	NEFT INB: CNABYPCFQ3                              TRANSFER TO 4899157044304 / AJANTHA BATHROOM PRODUCTS AND PIPES	99922	"12,694.00"	 	"6,37,501.90"
17-May-22	17-May-22	   TO TRANSFER-INB NEFT UTR NO: SBIN222137444634--GUPTA SALES CORPORATION	NEFT INB: CNABYPCFW2                              TRANSFER TO 4899157044304 / GUPTA SALES CORPORATION	99922	"5,723.00"	 	"6,31,778.90"
17-May-22	17-May-22	   BULK POSTING-CR_TAMILNADU SANITARY STO     05548442        1605--	 / 	16899	 	"41,478.39"	"6,73,257.29"
18-May-22	18-May-22	   TO TRANSFER-INB NEFT UTR NO: SBIN322138936868--SHRI Venkateswar Agency	NEFT INB: CNABYQIZE6                              TRANSFER TO 4899157044304 / SHRI Venkateswar Agency	99922	"5,649.00"	 	"6,67,608.29"
18-May-22	18-May-22	   TO TRANSFER-INB NEFT UTR NO: SBIN322138937826--SRI SENI Enterprises	NEFT INB: CNABYQIZQ6                              TRANSFER TO 4899157044304 / SRI SENI Enterprises	99922	"9,902.00"	 	"6,57,706.29"
18-May-22	18-May-22	   TO TRANSFER-INB NEFT UTR NO: SBIN322138940471--Andavar Marketing PVT LTD	NEFT INB: CNABYQJBO1                              TRANSFER TO 4899157044304 / Andavar Marketing PVT LTD	99922	"13,130.00"	 	"6,44,576.29"
18-May-22	18-May-22	   TO TRANSFER-INB NEFT UTR NO: SBIN322138939290--NOBEL TILES WORLD	NEFT INB: CNABYQJBX5                              TRANSFER TO 4899157044304 / NOBEL TILES WORLD	99922	"10,000.00"	 	"6,34,576.29"
18-May-22	18-May-22	   TO TRANSFER-INB NEFT UTR NO: SBIN322138942452--NOBEL TILES WORLD	NEFT INB: CNABYQJDY1                              TRANSFER TO 4899157044304 / NOBEL TILES WORLD	99922	674	 	"6,33,902.29"
18-May-22	18-May-22	   TO TRANSFER-INB NEFT UTR NO: SBIN322138943432--AJANTHA BATHROOM PRODUCTS AND PIPES	NEFT INB: CNABYQJFE9                              TRANSFER TO 4899157044304 / AJANTHA BATHROOM PRODUCTS AND PIPES	99922	"4,014.00"	 	"6,29,888.29"
18-May-22	18-May-22	   TO TRANSFER-INB NEFT UTR NO: SBIN322138944504--AJANTHA BATHROOM PRODUCTS AND PIPES	NEFT INB: CNABYQJFM6                              TRANSFER TO 4899157044304 / AJANTHA BATHROOM PRODUCTS AND PIPES	99922	"3,752.00"	 	"6,26,136.29"
18-May-22	18-May-22	   BULK POSTING-CR_TAMILNADU SANITARY STO     05549442        1705--	 / 	16899	 	"2,211.12"	"6,28,347.41"
18-May-22	18-May-22	CHEQUE DEPOSIT---834310	TRANSFER TO 10712820646                           Mr. SANJAY  S / 834310	40236	 	"13,000.00"	"6,41,347.41"
18-May-22	18-May-22	   CASH DEPOSIT-CASH DEPOSIT SELF--	 / 	40236	 	"1,04,500.00"	"7,45,847.41"
19-May-22	19-May-22	   DEBIT-PoS Rent for TID-05548442-Apr'22--	 / 	16899	411.82	 	"7,45,435.59"
19-May-22	19-May-22	   BULK POSTING-CR_TAMILNADU SANITARY STO     05548442        1805--	 / 	16899	 	"16,304.98"	"7,61,740.57"
19-May-22	19-May-22	   BULK POSTING-CR_TAMILNADU SANITARY STO     05549442        1805--	 / 	16899	 	"13,083.28"	"7,74,823.85"
19-May-22	19-May-22	   BY TRANSFER-UPI/CR/213974240612/E RAJESH/HDFC/rajesh4720/UPI--	TRANSFER FROM 5099034162093 / 	20252	 	"31,060.00"	"8,05,883.85"
19-May-22	19-May-22	BY CLEARING / CHEQUE-IOB   600020028-949054 600002332--949054	 / 949054	10395	 	"11,780.00"	"8,17,663.85"
20-May-22	20-May-22	   TO TRANSFER-INB--	22053300265540CKT7223449               TRANSFER TO 36959656331                           POOLING ACCOUNT GST-MM / 	99922	"51,562.00"	 	"7,66,101.85"
20-May-22	20-May-22	   BULK POSTING-CR_TAMILNADU SANITARY STO     05548442        1905--	 / 	16899	 	"14,628.30"	"7,80,730.15"
20-May-22	20-May-22	   BULK POSTING-CR_TAMILNADU SANITARY STO     05549442        1905--	 / 	16899	 	"3,712.31"	"7,84,442.46"
20-May-22	20-May-22	BY CLEARING / CHEQUE-BOB   600012076-000568 600002332--568	 / 568	10395	 	"6,850.00"	"7,91,292.46"
20-May-22	20-May-22	   OUT-CHQ RETURN-01Funds Insufficient/ Not Drawn on usn Date field--	 / 	10395	"6,850.00"	 	"7,84,442.46"
20-May-22	20-May-22	cheque returned charges---568	 / 568	10395	295	 	"7,84,147.46"
21-May-22	21-May-22	   TO TRANSFER-INB NEFT UTR NO: SBIN222141447665--NATIONAL TILES	NEFT INB: CNABYTGYJ9                              TRANSFER TO 4899157044304 / NATIONAL TILES	99922	"6,825.00"	 	"7,77,322.46"
21-May-22	21-May-22	   TO TRANSFER-INB NEFT UTR NO: SBIN222141448533--TRISHLA AGENCIES	NEFT INB: CNABYTGYO2                              TRANSFER TO 4899157044304 / TRISHLA AGENCIES	99922	"10,146.00"	 	"7,67,176.46"
21-May-22	21-May-22	   TO TRANSFER-INB NEFT UTR NO: SBIN222141448175--PROVIDENT MARKETING	NEFT INB: CNABYTHAC1                              TRANSFER TO 4899157044304 / PROVIDENT MARKETING	99922	"9,614.00"	 	"7,57,562.46"
21-May-22	21-May-22	   TO TRANSFER-INB NEFT UTR NO: SBIN222141450362--NOBEL TILES WORLD	NEFT INB: CNABYTGZV4                              TRANSFER TO 4899157044304 / NOBEL TILES WORLD	99922	"9,614.00"	 	"7,47,948.46"
21-May-22	21-May-22	   TO TRANSFER-INB NEFT UTR NO: SBIN222141449715--Andavar Marketing PVT LTD	NEFT INB: CNABYTHAM5                              TRANSFER TO 4899157044304 / Andavar Marketing PVT LTD	99922	"18,091.00"	 	"7,29,857.46"
21-May-22	21-May-22	   BULK POSTING-CR_TAMILNADU SANITARY STO     05549442        2005--	 / 	16899	 	"6,200.00"	"7,36,057.46"
21-May-22	21-May-22	TO CLEARING-PNB   JUMMA MASJID--250742	 / 250742	10395	"14,550.00"	 	"7,21,507.46"
23-May-22	23-May-22	TO CLEARING-BOB   SUPER TRADING CORPORATION--250743	 / 250743	10395	"10,000.00"	 	"7,11,507.46"
23-May-22	23-May-22	   CASH DEPOSIT-CASH DEPOSIT SELF--	 / 	40236	 	"70,000.00"	"7,81,507.46"
23-May-22	23-May-22	   TO TRANSFER-INB NEFT UTR NO: SBIN322143536794--D S Associates	NEFT INB: CNABYUJOC6                              TRANSFER TO 4899157044304 / D S Associates	99922	"25,000.00"	 	"7,56,507.46"
23-May-22	23-May-22	   TO TRANSFER-INB NEFT UTR NO: SBIN322143539004--SRI SENI Enterprises	NEFT INB: CNABYUJQB8                              TRANSFER TO 4899157044304 / SRI SENI Enterprises	99922	"15,000.00"	 	"7,41,507.46"
23-May-22	23-May-22	   TO TRANSFER-INB--VIKASH GOYAL  BHATTU	15219908349CHJ4937968               TRANSFER TO 4599557162091 / VIKASH GOYAL  BHATTU	99922	"1,980.04"	 	"7,39,527.42"
23-May-22	23-May-22	   BULK POSTING-CR_TAMILNADU SANITARY STO     05548442        2205--	 / 	16899	 	"6,233.09"	"7,45,760.51"
23-May-22	23-May-22	   BULK POSTING-CR_TAMILNADU SANITARY STO     05549442        2205--	 / 	16899	 	"4,380.00"	"7,50,140.51"
23-May-22	23-May-22	   TO TRANSFER-INB--LOKHANDE Traders	15219963548CHJ4939771               TRANSFER TO 4599559162099 / LOKHANDE Traders	99922	"3,874.81"	 	"7,46,265.70"
23-May-22	23-May-22	   BULK POSTING-CR_TAMILNADU SANITARY STO     05548442        2105--	 / 	16899	 	"3,000.00"	"7,49,265.70"
24-May-22	24-May-22	   BULK POSTING-CR_TAMILNADU SANITARY STO     05548442        2305--	 / 	16899	 	"2,226.10"	"7,51,491.80"
25-May-22	25-May-22	   BULK POSTING-CR_TAMILNADU SANITARY STO     05548442        2405--	 / 	16899	 	"9,883.86"	"7,61,375.66"
25-May-22	25-May-22	   BULK POSTING-CR_TAMILNADU SANITARY STO     05549442        2405--	 / 	16899	 	"24,863.16"	"7,86,238.82"
25-May-22	25-May-22	   TO TRANSFER-INB NEFT UTR NO: SBIN522145869942--Andavar Marketing PVT LTD	NEFT INB: CNABYWSJV5                              TRANSFER TO 4899157044304 / Andavar Marketing PVT LTD	99922	"18,276.00"	 	"7,67,962.82"
25-May-22	25-May-22	   TO TRANSFER-INB NEFT UTR NO: SBIN522145874723--FRIENDLY SERVICES	NEFT INB: CNABYWSKX8                              TRANSFER TO 4899157044304 / FRIENDLY SERVICES	99922	"7,032.00"	 	"7,60,930.82"
25-May-22	25-May-22	   TO TRANSFER-INB NEFT UTR NO: SBIN522145877594--NOBEL TILES WORLD	NEFT INB: CNABYWSMY0                              TRANSFER TO 4899157044304 / NOBEL TILES WORLD	99922	"11,571.00"	 	"7,49,359.82"
25-May-22	25-May-22	   TO TRANSFER-INB NEFT UTR NO: SBIN522145879634--K M CERAMICS	NEFT INB: CNABYWSNF2                              TRANSFER TO 4899157044304 / K M CERAMICS	99922	"15,000.00"	 	"7,34,359.82"
25-May-22	25-May-22	CHEQUE DEPOSIT- TO TAMILNADU SANITARY STORES--945941	TRANSFER TO 39869499900                           Mr. KRISHNAN  S / 945941	40236	 	"5,800.00"	"7,40,159.82"
25-May-22	25-May-22	   BY TRANSFER-UPI/CR/214584098794/AKSHAYA /KVBL/sivagmanju/UPI--	TRANSFER FROM 4693218162094 / 	40236	 	"9,900.00"	"7,50,059.82"
26-May-22	26-May-22	   CASH DEPOSIT-CASH DEPOSIT SELF--	 / 	40236	 	"36,000.00"	"7,86,059.82"
26-May-22	26-May-22	   BULK POSTING-CR_TAMILNADU SANITARY STO     05548442        2505--	 / 	16899	 	"11,872.56"	"7,97,932.38"
26-May-22	26-May-22	   BULK POSTING-CR_TAMILNADU SANITARY STO     05549442        2505--	 / 	16899	 	"4,271.46"	"8,02,203.84"
26-May-22	26-May-22	CHEQUE WDL- TO Mr. ABBAS  HATIMBHOY KHORAIKIWALA--250745	TRANSFER FROM 20038598235                         Mr. ABBAS  HATIMBHOY K / 250745	40236	"33,000.00"	 	"7,69,203.84"
27-May-22	27-May-22	   TO TRANSFER-INB NEFT UTR NO: SBIN222147462755--D S Associates	NEFT INB: CNABYYETH3                              TRANSFER TO 4899157044304 / D S Associates	99922	"11,429.00"	 	"7,57,774.84"
27-May-22	27-May-22	   TO TRANSFER-INB NEFT UTR NO: SBIN222147464167--SRI SENI Enterprises	NEFT INB: CNABYYEVX8                              TRANSFER TO 4899157044304 / SRI SENI Enterprises	99922	"3,601.00"	 	"7,54,173.84"
27-May-22	27-May-22	   TO TRANSFER-INB NEFT UTR NO: SBIN222147466103--SRI SENI Enterprises	NEFT INB: CNABYYEVR7                              TRANSFER TO 4899157044304 / SRI SENI Enterprises	99922	"15,000.00"	 	"7,39,173.84"
27-May-22	27-May-22	   TO TRANSFER-INB NEFT UTR NO: SBIN222147467602--Sattar Sanitary Stores	NEFT INB: CNABYYEYC0                              TRANSFER TO 4899157044304 / Sattar Sanitary Stores	99922	"8,051.00"	 	"7,31,122.84"
27-May-22	27-May-22	   TO TRANSFER-INB Payment towards Invoice/Bill--	CTS4850086               TRANSFER TO 32818937606                           GOLDEN HARDWARE CENTRE / 	99922	"1,834.00"	 	"7,29,288.84"
27-May-22	27-May-22	   BULK POSTING-CR_TAMILNADU SANITARY STO     05548442        2605--	 / 	16899	 	"17,811.74"	"7,47,100.58"
27-May-22	27-May-22	   BULK POSTING-CR_TAMILNADU SANITARY STO     05549442        2605--	 / 	16899	 	"1,593.60"	"7,48,694.18"
27-May-22	27-May-22	   TO TRANSFER-INB NEFT UTR NO: SBIN222147474775--MANGALAM SANITARY	NEFT INB: CNABYYFDO9                              TRANSFER TO 4899157044304 / MANGALAM SANITARY	99922	"8,729.00"	 	"7,39,965.18"
27-May-22	27-May-22	   TO TRANSFER-INB NEFT UTR NO: SBIN222147478278--SHYAMS ENTERPRISES	NEFT INB: CNABYYFER6                              TRANSFER TO 4899157044304 / SHYAMS ENTERPRISES	99922	"7,505.00"	 	"7,32,460.18"
27-May-22	27-May-22	   BY TRANSFER-INB IMPS214712662661/9840904580/XX0072/--	MAC000992583019          MAC000992583019          TRANSFER FROM 4898013162091 / 	99922	 	"17,700.00"	"7,50,160.18"
28-May-22	28-May-22	   TO TRANSFER-INB NEFT UTR NO: SBIN322148559104--NOBEL TILES WORLD	NEFT INB: CNABYZCSB5                              TRANSFER TO 4899157044304 / NOBEL TILES WORLD	99922	"5,144.00"	 	"7,45,016.18"
28-May-22	28-May-22	   TO TRANSFER-INB NEFT UTR NO: SBIN322148561219--Andavar Marketing PVT LTD	NEFT INB: CNABYZCSJ8                              TRANSFER TO 4899157044304 / Andavar Marketing PVT LTD	99922	"10,000.00"	 	"7,35,016.18"
28-May-22	28-May-22	   TO TRANSFER-INB NEFT UTR NO: SBIN322148567276--NOBEL TILES WORLD	NEFT INB: CNABYZDAC7                              TRANSFER TO 4899157044304 / NOBEL TILES WORLD	99922	"6,707.00"	 	"7,28,309.18"
28-May-22	28-May-22	   TO TRANSFER-INB NEFT UTR NO: SBIN322148567364--K M CERAMICS	NEFT INB: CNABYZDAV0                              TRANSFER TO 4899157044304 / K M CERAMICS	99922	"6,200.00"	 	"7,22,109.18"
28-May-22	28-May-22	   TO TRANSFER-INB NEFT UTR NO: SBIN322148569854--Shri Krishna Enterprises	NEFT INB: CNABYZDCI5                              TRANSFER TO 4899157044304 / Shri Krishna Enterprises	99922	"2,938.00"	 	"7,19,171.18"
28-May-22	28-May-22	   TO TRANSFER-INB NEFT UTR NO: SBIN322148571077--GERMA Sanitarywares PVT LTD	NEFT INB: CNABYZDEK2                              TRANSFER TO 4899157044304 / GERMA Sanitarywares PVT LTD	99922	"5,208.00"	 	"7,13,963.18"
28-May-22	28-May-22	   TO TRANSFER-INB NEFT UTR NO: SBIN322148570671--Lakshmi Hayagrivaa Maarketing	NEFT INB: CNABYZDFQ0                              TRANSFER TO 4899157044304 / Lakshmi Hayagrivaa Maarketing	99922	"5,000.00"	 	"7,08,963.18"
28-May-22	28-May-22	   BULK POSTING-CR_TAMILNADU SANITARY STO     05548442        2705--	 / 	16899	 	"10,239.81"	"7,19,202.99"
28-May-22	28-May-22	   BULK POSTING-CR_TAMILNADU SANITARY STO     05549442        2705--	 / 	16899	 	"29,700.00"	"7,48,902.99"
28-May-22	28-May-22	   BY TRANSFER-UPI/CR/214860634399/J LAKSHMI/HDFC/9884049956/outs--	TRANSFER FROM 4693547162098 / 	1	 	"11,900.00"	"7,60,802.99"
29-May-22	29-May-22	   TO TRANSFER-INB NEFT UTR NO: SBIN322149998048--Andavar Marketing PVT LTD	NEFT INB: CNABYZUCS4                              TRANSFER TO 4899157044304 / Andavar Marketing PVT LTD	99922	"1,075.00"	 	"7,59,727.99"
29-May-22	29-May-22	   TO TRANSFER-INB NEFT UTR NO: SBIN322149999296--SHRI Venkateswar Agency	NEFT INB: CNABYZUDV7                              TRANSFER TO 4899157044304 / SHRI Venkateswar Agency	99922	"2,560.00"	 	"7,57,167.99"
29-May-22	29-May-22	   TO TRANSFER-INB NEFT UTR NO: SBIN322149998621--Annam Enterprises	NEFT INB: CNABYZUDK9                              TRANSFER TO 4899157044304 / Annam Enterprises	99922	"7,384.00"	 	"7,49,783.99"
29-May-22	29-May-22	   TO TRANSFER-INB NEFT UTR NO: SBIN322149998683--D S Associates	NEFT INB: CNABYZUEP0                              TRANSFER TO 4899157044304 / D S Associates	99922	"13,895.00"	 	"7,35,888.99"
29-May-22	29-May-22	   TO TRANSFER-INB NEFT UTR NO: SBIN322149999538--SRI SENI Enterprises	NEFT INB: CNABYZUEV4                              TRANSFER TO 4899157044304 / SRI SENI Enterprises	99922	"14,301.00"	 	"7,21,587.99"
30-May-22	30-May-22	   CASH DEPOSIT-CASH DEPOSIT SELF--	 / 	40236	 	"25,000.00"	"7,46,587.99"
30-May-22	30-May-22	   CORR CASH DEPOSIT-   DEPOSIT SELF--	 / 	40236	"25,000.00"	 	"7,21,587.99"
30-May-22	30-May-22	   CASH DEPOSIT-CASH DEPOSIT SELF--	 / 	40236	 	"91,500.00"	"8,13,087.99"
30-May-22	30-May-22	CASH HANDLING CHARGES---38976288	 / 38976288	40236	59	 	"8,13,028.99"
30-May-22	30-May-22	   BULK POSTING-CR_TAMILNADU SANITARY STO     05548442        2805--	 / 	16899	 	"9,229.57"	"8,22,258.56"
30-May-22	30-May-22	   BULK POSTING-CR_TAMILNADU SANITARY STO     05549442        2805--	 / 	16899	 	"5,000.00"	"8,27,258.56"
30-May-22	30-May-22	CASH CHEQUE-CASH WITHDRAWAL BY CHQ--250746	 / 250746	40236	"15,000.00"	 	"8,12,258.56"
30-May-22	30-May-22	   BY TRANSFER-UPI/CR/215017130877/BASKARAN/SBIN/veemanbask/ss si--	TRANSFER FROM 4899325162090 / 	40236	 	"10,650.00"	"8,22,908.56"
31-May-22	31-May-22	   BULK POSTING-CR_TAMILNADU SANITARY STO     05548442        3005--	 / 	16899	 	"1,595.77"	"8,24,504.33"
31-May-22	31-May-22	   BULK POSTING-CR_TAMILNADU SANITARY STO     05549442        3005--	 / 	16899	 	"17,933.20"	"8,42,437.53"
31-May-22	31-May-22	BY CLEARING / CHEQUE-CBI   600016051-022032 600002332--22032	 / 22032	10395	 	"15,000.00"	"8,57,437.53"
31-May-22	31-May-22	BY CLEARING / CHEQUE-GPO   600111003-598560 600002332--598560	 / 598560	10395	 	"3,870.00"	"8,61,307.53"
31-May-22	31-May-22	   OUT-CHQ RETURN-01Funds Insufficient differsother than Date fieldr--	 / 	10395	"15,000.00"	 	"8,46,307.53"
31-May-22	31-May-22	cheque returned charges---22032	 / 22032	10395	295	 	"8,46,012.53"
31-May-22	31-May-22	   BY TRANSFER-NEFT*DBSS0IN0811*0811OP2105625894*Chemplast Sanmar--	TRANSFER FROM 3199956044307 / 	4430	 	960	"8,46,972.53"
31-May-22	31-May-22	   BY TRANSFER-NEFT*PUNB0438900*PUNBH22151540927*ZARINA SAYEED*--	TRANSFER FROM 3199678044303 / 	4430	 	"5,000.00"	"8,51,972.53"
							
**This is a computer generated statement and does not require a signature							
