Account Name       :                	Mr. ANANTHA  KRISHNAN  S
Address            :	ROOM NO 213 SUSRUTHA HOSEL
                                    	TRAUMA CENTRE  BHU
                                    	VARANASI-221005
                                    	Varanasi
Date               :                	24 Jun 2021
Account Number     :	_00000035362097171
Account Description:	SBI CAR LN-TL-NEW CAR-MEN
Branch             :	I.M.S BHU
Balance on 1 Apr 2020        :	-3,19,322.00
Start Date          :	1 Apr 2020
End Date            :	31 Mar 2021
Txn Date	Value Date	Description	Ref No./Cheque No.	        Debit	Credit	Balance	
31 Mar 2021	31 Mar 2021	INTEREST---	-	99.00	 	-14,890.50
28 Feb 2021	28 Feb 2021	INTEREST---	-	88.00	 	-14,791.50
31 Jan 2021	31 Jan 2021	INTEREST---	-	97.00	 	-14,703.50
31 Dec 2020	31 Dec 2020	INTEREST---	-	97.00	 	-14,606.50
30 Nov 2020	30 Nov 2020	INTEREST---	-	94.00	 	-14,509.50
3 Nov 2020	3 Nov 2020	REPAYMENT BY A/C- Covid19 Relief Ex Gratia--	-	 	288.50	-14,415.50
31 Oct 2020	31 Oct 2020	INTEREST---	-	99.00	 	-14,704.00
30 Sep 2020	30 Sep 2020	INTEREST---	-	95.00	 	-14,605.00
31 Aug 2020	31 Aug 2020	INTEREST---	-	1,677.00	 	-14,510.00
26 Aug 2020	26 Aug 2020	DEPOSIT TRANSFER-INB Payment towards loan repayment                                         II85712334               TRANSFER FROM 20309689592                         Mr. ANANTHA  KRISHNAN--	-	 	1,00,000.00	-12,833.00
25 Aug 2020	25 Aug 2020	DEPOSIT TRANSFER-INB Payment towards loan repayment                                         II85698746               TRANSFER FROM 20309689592                         Mr. ANANTHA  KRISHNAN--	-	 	2,00,000.00	-1,12,833.00
31 Jul 2020	31 Jul 2020	INTEREST---	-	2,175.00	 	-3,12,833.00
24 Jul 2020	24 Jul 2020	DEPOSIT TRANSFER-Loan                                                                                                TRANSFER FROM 20309689592                         Mr. ANANTHA  KRISHNAN--	-	 	15,500.00	-3,10,658.00
30 Jun 2020	30 Jun 2020	INTEREST---	-	2,177.00	 	-3,26,158.00
31 May 2020	31 May 2020	INTEREST---	-	2,376.00	 	-3,23,981.00
30 Apr 2020	30 Apr 2020	INTEREST---	-	2,283.00	 	-3,21,605.00

**This is a computer generated statement and does not require a signature
