Account Name       :                	TAMILNADU SANITARY STORES
Address            :	NO 143,  KUTCHERY ROAD,  MYLAPORE  Chennai
                                    	CHENNAI
                                    	TAMILNADU-600004
                                    	India
Date               :                	21 Jul 2020
Account Number     :	_00000030976446269
Account Description:	CA-REGULAR-PUB-OTH-ALL-INR
Branch             :	SANTHOME
Drawing Power      :	0.00
Interest Rate(% p.a.):	0.0
MOD Balance      :	0.00
CIF No.          :	_85676868920
IFS Code         :	SBIN0040236
MICR Code        :	_600002332
Balance on 1 May 2020        :	8,74,667.27
Start Date          :	1 May 2020
End Date            :	31 May 2020
Txn Date	Value Date	Description	Ref No./Cheque No.	Branch Code	        Debit	Credit	Balance	
5 May 2020	5 May 2020	   BULK POSTING-CR_TAMILNADU SANITARY STO             05549442  04--	 / 	16899	 	538.45	8,75,205.72
5 May 2020	5 May 2020	BY CLEARING / CHEQUE-HDF   BY CLEARING CHQ 000001 MICR 600240027--1	 / 1	10395	 	10,000.00	8,85,205.72
6 May 2020	6 May 2020	   BY TRANSFER-INB IMPS012712805305/9840251125/XX0307/tiles supp--	MAC000484043702          MAC000484043702          TRANSFER FROM 4897990162094 / 	99922	 	55,000.00	9,40,205.72
6 May 2020	6 May 2020	   TO TRANSFER-INB NEFT UTR NO: SBIN220127940594--Mylapore Gardens Residents Associat	NEFT INB: CNAAZLCQR5                              TRANSFER TO 3197944044306 / Mylapore Gardens Residents Associat	99922	4,000.00	 	9,36,205.72
6 May 2020	6 May 2020	   TO TRANSFER-INB NEFT UTR NO: SBIN220127941919--D S Associates	NEFT INB: CNAAZLCRE4                              TRANSFER TO 3197944044306 / D S Associates	99922	25,000.00	 	9,11,205.72
6 May 2020	6 May 2020	   TO TRANSFER-INB Salary Payment--	CTJ3503019               TRANSFER TO 32950808735                           Mr. KASI  R / 	99922	8,500.00	 	9,02,705.72
6 May 2020	6 May 2020	   TO TRANSFER-INB Salary Payment--	CTJ3503378               TRANSFER TO 31054735034                           Mr. NOUSHAD  ABDUL SAL / 	99922	7,000.00	 	8,95,705.72
10 May 2020	10 May 2020	   BULK POSTING-CR_TAMILNADU SANITARY STO             05549442  09--	 / 	16899	 	3,276.74	8,98,982.46
11 May 2020	11 May 2020	   BULK POSTING-CR_TAMILNADU SANITARY STO             05548442  10--	 / 	16899	 	665.72	8,99,648.18
11 May 2020	11 May 2020	   CASH DEPOSIT-CASH DEPOSIT SELF--	 / 	40236	 	5,552.00	9,05,200.18
12 May 2020	12 May 2020	   BULK POSTING-CR_TAMILNADU SANITARY STO             05548442  11--	 / 	16899	 	861.52	9,06,061.70
12 May 2020	12 May 2020	   CASH DEPOSIT-CASH DEPOSIT SELF--	 / 	40236	 	6,750.00	9,12,811.70
13 May 2020	13 May 2020	   BULK POSTING-CR_TAMILNADU SANITARY STO             05549442  12--	 / 	16899	 	3,017.61	9,15,829.31
14 May 2020	14 May 2020	   BULK POSTING-CR_TAMILNADU SANITARY STO             05549442  13--	 / 	16899	 	1,076.90	9,16,906.21
14 May 2020	14 May 2020	   BULK POSTING-CR_TAMILNADU SANITARY STO             05548442  13--	 / 	16899	 	2,968.14	9,19,874.35
14 May 2020	14 May 2020	CASH CHEQUE-CASH WITHDRAWAL BY CHQ--745532	 / 745532	40236	15,000.00	 	9,04,874.35
14 May 2020	14 May 2020	BY CLEARING / CHEQUE-INB   BY CLEARING CHQ 875422 MICR 600019092--875422	 / 875422	10395	 	50,000.00	9,54,874.35
15 May 2020	15 May 2020	   BULK POSTING-CR_TAMILNADU SANITARY STO             05548442  14--	 / 	16899	 	4,046.56	9,58,920.91
15 May 2020	15 May 2020	   BULK POSTING-CR_TAMILNADU SANITARY STO             05549442  14--	 / 	16899	 	6,695.33	9,65,616.24
16 May 2020	16 May 2020	   BULK POSTING-CR_TAMILNADU SANITARY STO             05548442  15--	 / 	16899	 	900.00	9,66,516.24
16 May 2020	16 May 2020	   TO TRANSFER-INB ICICI_CC Payments--	SSBI8802115581CHD5935841               TRANSFER TO 3199621162094 / 	99922	3,261.00	 	9,63,255.24
17 May 2020	17 May 2020	   BULK POSTING-CR_TAMILNADU SANITARY STO             05548442  16--	 / 	16899	 	1,962.12	9,65,217.36
17 May 2020	17 May 2020	   BULK POSTING-CR_TAMILNADU SANITARY STO             05549442  16--	 / 	16899	 	4,056.46	9,69,273.82
18 May 2020	18 May 2020	   BY TRANSFER-INB IMPS013911419831/9840251125/XX0307/Tiles--	MAA000491122210          MAA000491122210          TRANSFER FROM 4897955162097 / 	99922	 	50,000.00	10,19,273.82
18 May 2020	18 May 2020	   TO TRANSFER-INB airtel res--	205630255CB04584025               TRANSFER TO 3199629162096 / 	99922	1,296.82	 	10,17,977.00
18 May 2020	18 May 2020	   TO TRANSFER-INB airtel off--	205630254CB04587488               TRANSFER TO 3199629162096 / 	99922	1,299.18	 	10,16,677.82
18 May 2020	18 May 2020	   TO TRANSFER-INB ACT bill--	TN-B1-31085661CB04584027               TRANSFER TO 3199629162096 / 	99922	628.55	 	10,16,049.27
18 May 2020	18 May 2020	   CASH DEPOSIT-CASH DEPOSIT SELF--	 / 	40236	 	4,000.00	10,20,049.27
20 May 2020	20 May 2020	   BULK POSTING-CR_TAMILNADU SANITARY STO             05548442  19--	 / 	16899	 	362.23	10,20,411.50
20 May 2020	20 May 2020	   CASH DEPOSIT-CASH DEPOSIT SELF--	 / 	40236	 	8,000.00	10,28,411.50
20 May 2020	20 May 2020	   TO TRANSFER-INB NEFT UTR NO: SBIN220141009451--CLASSIC CERAMICS	NEFT INB: CNAAZTOKJ4                              TRANSFER TO 3197944044306 / CLASSIC CERAMICS	99922	19,500.00	 	10,08,911.50
20 May 2020	20 May 2020	   TO TRANSFER-INB Payment towards Invoice/Bill--	CTJ4728013               TRANSFER TO 57002369188                           NELLAI CERAMIC CENTRE / 	99922	3,449.00	 	10,05,462.50
20 May 2020	20 May 2020	   TO TRANSFER-INB NEFT UTR NO: SBIN220141012451--AJANTHA BATHROOM PRODUCTS AND PIPES	NEFT INB: CNAAZTOON9                              TRANSFER TO 3197944044306 / AJANTHA BATHROOM PRODUCTS AND PIPES	99922	7,567.00	 	9,97,895.50
20 May 2020	20 May 2020	   TO TRANSFER-INB NEFT UTR NO: SBIN220141022187--National Ceramic Centre	NEFT INB: CNAAZTOYP8                              TRANSFER TO 3197944044306 / National Ceramic Centre	99922	8,140.00	 	9,89,755.50
20 May 2020	20 May 2020	   CASH DEPOSIT-CASH DEPOSIT SELF--	 / 	40236	 	30,000.00	10,19,755.50
20 May 2020	20 May 2020	BY CLEARING / CHEQUE-CBI   BY CLEARING CHQ 126463 MICR 600016030--126463	 / 126463	10395	 	49,783.00	10,69,538.50
20 May 2020	20 May 2020	   BY TRANSFER-NEFT*ICIC0SF0002*22267328221DC*TAMIL NADU SANI*TAM--	TRANSFER FROM 3199678044303 / 	4430	 	4,300.00	10,73,838.50
21 May 2020	21 May 2020	   BULK POSTING-CR_TAMILNADU SANITARY STO             05549442  20--	 / 	16899	 	3,071.94	10,76,910.44
21 May 2020	21 May 2020	   BULK POSTING-CR_TAMILNADU SANITARY STO             05548442  20--	 / 	16899	 	1,942.20	10,78,852.64
22 May 2020	22 May 2020	   CASH DEPOSIT-CASH DEPOSIT SELF--	 / 	40236	 	7,000.00	10,85,852.64
22 May 2020	22 May 2020	   BULK POSTING-CR_TAMILNADU SANITARY STO             05549442  21--	 / 	16899	 	1,444.20	10,87,296.84
22 May 2020	22 May 2020	   TO TRANSFER-INB Salary Payment--	CTJ4935663               TRANSFER TO 31054735034                           Mr. NOUSHAD  ABDUL SAL / 	99922	7,500.00	 	10,79,796.84
22 May 2020	22 May 2020	   TO TRANSFER-INB NEFT UTR NO: SBIN320143669802--Parmeeth Distributors	NEFT INB: CNAAZVICM4                              TRANSFER TO 3197944044306 / Parmeeth Distributors	99922	1,500.00	 	10,78,296.84
24 May 2020	24 May 2020	   BULK POSTING-CR_TAMILNADU SANITARY STO             05549442  23--	 / 	16899	 	1,620.24	10,79,917.08
25 May 2020	25 May 2020	   TO TRANSFER-INB NEFT UTR NO: SBIN420146279208--ABHIVAIRAVANS PLUMBING CO	NEFT INB: CNAAZWJKT8                              TRANSFER TO 3197944044306 / ABHIVAIRAVANS PLUMBING CO	99922	14,018.00	 	10,65,899.08
25 May 2020	25 May 2020	   TO TRANSFER-INB NEFT UTR NO: SBIN420146281151--ASHOK SANITARY WARE	NEFT INB: CNAAZWJMQ7                              TRANSFER TO 3197944044306 / ASHOK SANITARY WARE	99922	2,761.00	 	10,63,138.08
25 May 2020	25 May 2020	   TO TRANSFER-INB NEFT UTR NO: SBIN420146281875--D S Associates	NEFT INB: CNAAZWJPC1                              TRANSFER TO 3197944044306 / D S Associates	99922	20,677.00	 	10,42,461.08
25 May 2020	25 May 2020	   TO TRANSFER-INB NEFT UTR NO: SBIN420146282203--MANGALAM SANITARY	NEFT INB: CNAAZWJOQ0                              TRANSFER TO 3197944044306 / MANGALAM SANITARY	99922	16,073.00	 	10,26,388.08
25 May 2020	25 May 2020	   TO TRANSFER-INB NEFT UTR NO: SBIN420146282459--Sattar Sanitary Stores	NEFT INB: CNAAZWJOU0                              TRANSFER TO 3197944044306 / Sattar Sanitary Stores	99922	15,262.00	 	10,11,126.08
25 May 2020	25 May 2020	   TO TRANSFER-INB NEFT UTR NO: SBIN420146282675--K M ASSOCIATES	NEFT INB: CNAAZWJPR5                              TRANSFER TO 3197944044306 / K M ASSOCIATES	99922	10,422.00	 	10,00,704.08
25 May 2020	25 May 2020	   TO TRANSFER-INB NEFT UTR NO: SBIN420146282900--Flobest Marketing	NEFT INB: CNAAZWJRH6                              TRANSFER TO 3197944044306 / Flobest Marketing	99922	10,038.00	 	9,90,666.08
25 May 2020	25 May 2020	   TO TRANSFER-INB NEFT UTR NO: SBIN420146283297--Shri Krishna Enterprises	NEFT INB: CNAAZWJSH5                              TRANSFER TO 3197944044306 / Shri Krishna Enterprises	99922	7,000.00	 	9,83,666.08
25 May 2020	25 May 2020	   TO TRANSFER-INB Payment towards Invoice/Bill--	CTJ5117451               TRANSFER TO 32423647359                           ARAVIND CERAMICS PRIVA / 	99922	5,130.00	 	9,78,536.08
25 May 2020	25 May 2020	   TO TRANSFER-INB NEFT UTR NO: SBIN420146284427--SRI ENTERPRISES	NEFT INB: CNAAZWJRZ7                              TRANSFER TO 3197944044306 / SRI ENTERPRISES	99922	2,700.00	 	9,75,836.08
26 May 2020	26 May 2020	   CASH DEPOSIT-CASH DEPOSIT SELF--	 / 	40236	 	18,000.00	9,93,836.08
26 May 2020	26 May 2020	CHEQUE WDL-CHEQUE TRANSFER TO--745530	TRANSFER FROM 32818937606                         GOLDEN HARDWARE CENTRE / 745530	40236	6,520.00	 	9,87,316.08
26 May 2020	26 May 2020	   BULK POSTING-CR_TAMILNADU SANITARY STO             05548442  25--	 / 	16899	 	1,488.08	9,88,804.16
26 May 2020	26 May 2020	   BULK POSTING-CR_TAMILNADU SANITARY STO             05549442  25--	 / 	16899	 	1,703.46	9,90,507.62
26 May 2020	26 May 2020	   BY TRANSFER-NEFT*KKBK0000958*KKBK201478732508*SANMAR SHIPPING--	TRANSFER FROM 3199969044303 / 	4430	 	985.00	9,91,492.62
27 May 2020	27 May 2020	   TO TRANSFER-INB NEFT UTR NO: SBIN520148254621--Andavar Marketing PVT LTD	NEFT INB: CNAAZXOVH3                              TRANSFER TO 3197944044306 / Andavar Marketing PVT LTD	99922	19,826.00	 	9,71,666.62
27 May 2020	27 May 2020	   TO TRANSFER-INB NEFT UTR NO: SBIN520148254923--National Ceramic Centre	NEFT INB: CNAAZXOVL7                              TRANSFER TO 3197944044306 / National Ceramic Centre	99922	1,440.00	 	9,70,226.62
27 May 2020	27 May 2020	   TO TRANSFER-INB NEFT UTR NO: SBIN520148255082--ASHOK SANITARY WARE	NEFT INB: CNAAZXOVP1                              TRANSFER TO 3197944044306 / ASHOK SANITARY WARE	99922	1,810.00	 	9,68,416.62
27 May 2020	27 May 2020	   TO TRANSFER-INB NEFT UTR NO: SBIN520148255183--Annam Enterprises	NEFT INB: CNAAZXOVU2                              TRANSFER TO 3197944044306 / Annam Enterprises	99922	8,000.00	 	9,60,416.62
27 May 2020	27 May 2020	   TO TRANSFER-INB NEFT UTR NO: SBIN520148255248--NOBEL TILES WORLD	NEFT INB: CNAAZXOVX0                              TRANSFER TO 3197944044306 / NOBEL TILES WORLD	99922	10,000.00	 	9,50,416.62
27 May 2020	27 May 2020	   TO TRANSFER-INB NEFT UTR NO: SBIN520148256452--FRIENDLY SERVICES	NEFT INB: CNAAZXOYM1                              TRANSFER TO 3197944044306 / FRIENDLY SERVICES	99922	3,874.00	 	9,46,542.62
27 May 2020	27 May 2020	   TO TRANSFER-INB Payment towards Invoice/Bill--	CTJ5263594               TRANSFER TO 57002369188                           NELLAI CERAMIC CENTRE / 	99922	4,202.00	 	9,42,340.62
27 May 2020	27 May 2020	   TO TRANSFER-INB NEFT UTR NO: SBIN520148257516--TRISHLA CORPORATION	NEFT INB: CNAAZXOYY1                              TRANSFER TO 3197944044306 / TRISHLA CORPORATION	99922	5,657.00	 	9,36,683.62
27 May 2020	27 May 2020	   TO TRANSFER-INB NEFT UTR NO: SBIN520148257846--SRI ENTERPRISES	NEFT INB: CNAAZXOZV7                              TRANSFER TO 3197944044306 / SRI ENTERPRISES	99922	675.00	 	9,36,008.62
27 May 2020	27 May 2020	   TO TRANSFER-INB NEFT UTR NO: SBIN520148258067--Aravind Ceramic Industries LTD	NEFT INB: CNAAZXPBO3                              TRANSFER TO 3197944044306 / Aravind Ceramic Industries LTD	99922	25,000.00	 	9,11,008.62
27 May 2020	27 May 2020	   BULK POSTING-CR_TAMILNADU SANITARY STO             05548442  26--	 / 	16899	 	16,481.22	9,27,489.84
27 May 2020	27 May 2020	   BY TRANSFER-INB IMPS014811750517/9600077311/XX1767/Bill payme--	MAC000492489695          MAC000492489695          TRANSFER FROM 4897988162099 / 	99922	 	1,700.00	9,29,189.84
27 May 2020	27 May 2020	   BULK POSTING-CR_TAMILNADU SANITARY STO             05549442  26--	 / 	16899	 	1,344.60	9,30,534.44
27 May 2020	27 May 2020	   CASH DEPOSIT-CASH DEPOSIT SELF--	 / 	40236	 	15,000.00	9,45,534.44
28 May 2020	28 May 2020	TO CLEARING-KVB   HUSSAIN SANITARY STORES--745535	 / 745535	10395	15,000.00	 	9,30,534.44
28 May 2020	28 May 2020	   BULK POSTING-CR_TAMILNADU SANITARY STO             05549442  27--	 / 	16899	 	3,537.00	9,34,071.44
28 May 2020	28 May 2020	   CASH DEPOSIT-CASH DEPOSIT SELF--	 / 	40236	 	18,000.00	9,52,071.44
29 May 2020	29 May 2020	   BULK POSTING-CR_TAMILNADU SANITARY STO             05549442  28--	 / 	16899	 	13,232.93	9,65,304.37
30 May 2020	30 May 2020	TO CLEARING-CBI   THE NEW--745536	 / 745536	10395	1,268.00	 	9,64,036.37
30 May 2020	30 May 2020	   TO TRANSFER-INB NEFT UTR NO: SBIN220151968599--SUPER TRADING CORPORATION	NEFT INB: CNABAADHP2                              TRANSFER TO 3197944044306 / SUPER TRADING CORPORATION	99922	10,000.00	 	9,54,036.37
30 May 2020	30 May 2020	   TO TRANSFER-INB NEFT UTR NO: SBIN220151971310--D S Associates	NEFT INB: CNABAADIS9                              TRANSFER TO 3197944044306 / D S Associates	99922	11,455.00	 	9,42,581.37
30 May 2020	30 May 2020	   TO TRANSFER-INB NEFT UTR NO: SBIN220151974074--Sattar Sanitary Stores	NEFT INB: CNABAADKX0                              TRANSFER TO 3197944044306 / Sattar Sanitary Stores	99922	7,519.00	 	9,35,062.37
30 May 2020	30 May 2020	   TO TRANSFER-INB NEFT UTR NO: SBIN220151974955--K M ASSOCIATES	NEFT INB: CNABAADLY5                              TRANSFER TO 3197944044306 / K M ASSOCIATES	99922	8,075.00	 	9,26,987.37
30 May 2020	30 May 2020	   BULK POSTING-CR_TAMILNADU SANITARY STO             05548442  29--	 / 	16899	 	704.88	9,27,692.25
30 May 2020	30 May 2020	   TO TRANSFER-INB NEFT UTR NO: SBIN220151978226--LEGEND	NEFT INB: CNABAADNE1                              TRANSFER TO 3197944044306 / LEGEND	99922	2,414.00	 	9,25,278.25
30 May 2020	30 May 2020	   TO TRANSFER-INB NEFT UTR NO: SBIN220151979766--Totale Global Pvt Ltd	NEFT INB: CNABAADOE5                              TRANSFER TO 3197944044306 / Totale Global Pvt Ltd	99922	7,000.00	 	9,18,278.25
30 May 2020	30 May 2020	   TO TRANSFER-INB NEFT UTR NO: SBIN220151980872--Germa Sanitarywares PVT LTD	NEFT INB: CNABAADOO6                              TRANSFER TO 3197944044306 / Germa Sanitarywares PVT LTD	99922	8,000.00	 	9,10,278.25
30 May 2020	30 May 2020	   TO TRANSFER-INB NEFT UTR NO: SBIN220151983372--VALLI STEEL INDUSTRIES PVT LTD	NEFT INB: CNABAADQA2                              TRANSFER TO 3197944044306 / VALLI STEEL INDUSTRIES PVT LTD	99922	13,458.00	 	8,96,820.25
30 May 2020	30 May 2020	   BULK POSTING-CR_TAMILNADU SANITARY STO             05549442  29--	 / 	16899	 	372.02	8,97,192.27
30 May 2020	30 May 2020	BY CLEARING / CHEQUE-ICI   BY CLEARING CHQ 052141 MICR 600229017--52141	 / 52141	10395	 	5,665.00	9,02,857.27
30 May 2020	30 May 2020	   BY TRANSFER-INB IMPS015116063124/9840251125/XX0307/Balance pa--	MAA000496240955          MAA000496240955          TRANSFER FROM 4898024162098 / 	99922	 	48,000.00	9,50,857.27
31 May 2020	31 May 2020	   BULK POSTING-CR_TAMILNADU SANITARY STO             05549442  30--	 / 	16899	 	7,445.42	9,58,302.69
31 May 2020	31 May 2020	   BULK POSTING-CR_TAMILNADU SANITARY STO             05548442  30--	 / 	16899	 	10,483.43	9,68,786.12

**This is a computer generated statement and does not require a signature