Account Name       :                	TAMILNADU SANITARY STORES
Address            :	NO 143,  KUTCHERY ROAD,  MYLAPORE  Chennai
                                    	CHENNAI
                                    	TAMILNADU-600004
                                    	India
Date               :                	17 Aug 2022
Account Number     :	_00000030976446269
Account Description:	CA-REGULAR-PUB-OTH-ALL-INR
Branch             :	SANTHOME
Drawing Power      :	0.00
Interest Rate(% p.a.):	0.0
MOD Balance      :	0.00
CIF No.          :	_85676868920
IFS Code         :	SBIN0040236
MICR Code        :	_600002332
Balance on 1 Jul 2022        :	9,08,382.11
Start Date          :	1 Jul 2022
End Date            :	31 Jul 2022
Txn Date	Value Date	Description	Ref No./Cheque No.	Branch Code	        Debit	Credit	Balance	
1 Jul 2022	1 Jul 2022	   TO TRANSFER-INB NEFT UTR NO: SBIN122182207376--LEGEND	NEFT INB: CNACAELCX5                              TRANSFER TO 4899157044304 / LEGEND	99922	2,294.00	 	9,06,088.11
1 Jul 2022	1 Jul 2022	   TO TRANSFER-INB NEFT UTR NO: SBIN122182207929--Shabbir Sanitary Stores	NEFT INB: CNACAELES8                              TRANSFER TO 4899157044304 / Shabbir Sanitary Stores	99922	6,296.00	 	8,99,792.11
1 Jul 2022	1 Jul 2022	   TO TRANSFER-INB NEFT UTR NO: SBIN122182208559--Lakshmi Hayagrivaa Maarketing	NEFT INB: CNACAELFB8                              TRANSFER TO 4899157044304 / Lakshmi Hayagrivaa Maarketing	99922	10,000.00	 	8,89,792.11
1 Jul 2022	1 Jul 2022	   TO TRANSFER-INB NEFT UTR NO: SBIN122182209339--SHYAMS ENTERPRISES	NEFT INB: CNACAELEN0                              TRANSFER TO 4899157044304 / SHYAMS ENTERPRISES	99922	13,024.00	 	8,76,768.11
1 Jul 2022	1 Jul 2022	   TO TRANSFER-INB NEFT UTR NO: SBIN122182210696--MANGALAM SANITARY	NEFT INB: CNACAELHB3                              TRANSFER TO 4899157044304 / MANGALAM SANITARY	99922	8,550.00	 	8,68,218.11
1 Jul 2022	1 Jul 2022	   TO TRANSFER-INB NEFT UTR NO: SBIN122182212910--Sattar Sanitary Stores	NEFT INB: CNACAELHI3                              TRANSFER TO 4899157044304 / Sattar Sanitary Stores	99922	19,555.00	 	8,48,663.11
1 Jul 2022	1 Jul 2022	   TO TRANSFER-INB NEFT UTR NO: SBIN122182214053--D S Associates	NEFT INB: CNACAELHX8                              TRANSFER TO 4899157044304 / D S Associates	99922	10,000.00	 	8,38,663.11
1 Jul 2022	1 Jul 2022	   TO TRANSFER-INB NEFT UTR NO: SBIN122182221309--Super Trading Corporation	NEFT INB: CNACAELLB3                              TRANSFER TO 4899157044304 / Super Trading Corporation	99922	15,000.00	 	8,23,663.11
1 Jul 2022	1 Jul 2022	   TO TRANSFER-INB NEFT UTR NO: SBIN122182222437--SRI SENI Enterprises	NEFT INB: CNACAELLK3                              TRANSFER TO 4899157044304 / SRI SENI Enterprises	99922	15,225.00	 	8,08,438.11
1 Jul 2022	1 Jul 2022	   TO TRANSFER-INB NEFT UTR NO: SBIN122182224420--Andavar Marketing PVT LTD	NEFT INB: CNACAELNM2                              TRANSFER TO 4899157044304 / Andavar Marketing PVT LTD	99922	8,590.00	 	7,99,848.11
1 Jul 2022	1 Jul 2022	   BULK POSTING-CR_TAMILNADU SANITARY STO     05549442        3006--	 / 	16899	 	3,759.64	8,03,607.75
1 Jul 2022	1 Jul 2022	CHEQUE WDL-CHEQUE TRANSFER TO--250732	TRANSFER FROM 31459040429                         ALBA CORPORATION / 250732	70644	6,237.00	 	7,97,370.75
2 Jul 2022	2 Jul 2022	TO CLEARING-HDF   NATIONALCERAMICCENTRE--250754	 / 250754	10395	1,010.00	 	7,96,360.75
2 Jul 2022	2 Jul 2022	   CASH DEPOSIT-CASH DEPOSIT SELF--	 / 	40236	 	58,000.00	8,54,360.75
2 Jul 2022	2 Jul 2022	   BULK POSTING-CR_TAMILNADU SANITARY STO     05549442        0107--	 / 	16899	 	16,404.86	8,70,765.61
4 Jul 2022	4 Jul 2022	   BULK POSTING-CR_TAMILNADU SANITARY STO     05548442        0207--	 / 	16899	 	28,206.14	8,98,971.75
4 Jul 2022	4 Jul 2022	   TO TRANSFER-INB NEFT UTR NO: SBIN422185305759--SRI SENI Enterprises	NEFT INB: CNACAHMSU9                              TRANSFER TO 4899157044304 / SRI SENI Enterprises	99922	10,875.00	 	8,88,096.75
4 Jul 2022	4 Jul 2022	   TO TRANSFER-INB NEFT UTR NO: SBIN422185309070--International Sales Corporation	NEFT INB: CNACAHMVC7                              TRANSFER TO 4899157044304 / International Sales Corporation	99922	7,788.00	 	8,80,308.75
4 Jul 2022	4 Jul 2022	   TO TRANSFER-INB Payment towards Invoice/Bill--	CTS9795929               TRANSFER TO 57002369188                           NELLAI CERAMIC CENTRE / 	99922	5,430.00	 	8,74,878.75
4 Jul 2022	4 Jul 2022	   TO TRANSFER-INB NEFT UTR NO: SBIN422185313799--VALLI STEEL INDUSTRIES PVT LTD	NEFT INB: CNACAHMYR6                              TRANSFER TO 4899157044304 / VALLI STEEL INDUSTRIES PVT LTD	99922	10,219.00	 	8,64,659.75
4 Jul 2022	4 Jul 2022	   TO TRANSFER-INB NEFT UTR NO: SBIN422185316277--FRIENDLY SERVICES	NEFT INB: CNACAHMZZ7                              TRANSFER TO 4899157044304 / FRIENDLY SERVICES	99922	1,484.00	 	8,63,175.75
4 Jul 2022	4 Jul 2022	   TO TRANSFER-INB NEFT UTR NO: SBIN422185317786--K M CERAMICS	NEFT INB: CNACAHNCC3                              TRANSFER TO 4899157044304 / K M CERAMICS	99922	7,480.00	 	8,55,695.75
4 Jul 2022	4 Jul 2022	   TO TRANSFER-INB NEFT UTR NO: SBIN422185320523--NOBEL TILES WORLD	NEFT INB: CNACAHNEQ3                              TRANSFER TO 4899157044304 / NOBEL TILES WORLD	99922	10,000.00	 	8,45,695.75
4 Jul 2022	4 Jul 2022	   TO TRANSFER-INB NEFT UTR NO: SBIN422185324271--GUPTA SALES CORPORATION	NEFT INB: CNACAHNFT4                              TRANSFER TO 4899157044304 / GUPTA SALES CORPORATION	99922	11,495.00	 	8,34,200.75
4 Jul 2022	4 Jul 2022	   TO TRANSFER-INB NEFT UTR NO: SBIN422185326426--AJANTHA BATHROOM PRODUCTS AND PIPES	NEFT INB: CNACAHNHS3                              TRANSFER TO 4899157044304 / AJANTHA BATHROOM PRODUCTS AND PIPES	99922	15,000.00	 	8,19,200.75
4 Jul 2022	4 Jul 2022	   TO TRANSFER-INB NEFT UTR NO: SBIN422185328862--GERMA Sanitarywares PVT LTD	NEFT INB: CNACAHNIH0                              TRANSFER TO 4899157044304 / GERMA Sanitarywares PVT LTD	99922	14,999.00	 	8,04,201.75
4 Jul 2022	4 Jul 2022	   TO TRANSFER-INB NEFT UTR NO: SBIN422185331477--Sattar Sanitary Stores	NEFT INB: CNACAHNLP8                              TRANSFER TO 4899157044304 / Sattar Sanitary Stores	99922	18,847.00	 	7,85,354.75
5 Jul 2022	5 Jul 2022	TO CLEARING-CAB   TANGEDCO SE CEDC CENTRAL--250755	 / 250755	10395	4,948.00	 	7,80,406.75
5 Jul 2022	5 Jul 2022	   BULK POSTING-CR_TAMILNADU SANITARY STO     05548442        0407--	 / 	16899	 	3,957.52	7,84,364.27
5 Jul 2022	5 Jul 2022	   BULK POSTING-CR_TAMILNADU SANITARY STO     05549442        0407--	 / 	16899	 	4,290.97	7,88,655.24
5 Jul 2022	5 Jul 2022	BY CLEARING / CHEQUE-DBS   600641013-000104 600002332--104	 / 104	10395	 	45,400.00	8,34,055.24
6 Jul 2022	6 Jul 2022	   CASH DEPOSIT-CASH DEPOSIT SELF--	 / 	40236	 	73,000.00	9,07,055.24
6 Jul 2022	6 Jul 2022	   BULK POSTING-CR_TAMILNADU SANITARY STO     05549442        0507--	 / 	16899	 	2,325.04	9,09,380.28
6 Jul 2022	6 Jul 2022	   TO TRANSFER-INB NEFT UTR NO: SBIN122187728530--Shri Krishna Enterprises	NEFT INB: CNACAJWNB1                              TRANSFER TO 4899157044304 / Shri Krishna Enterprises	99922	9,119.00	 	9,00,261.28
6 Jul 2022	6 Jul 2022	   TO TRANSFER-INB NEFT UTR NO: SBIN122187731402--SHYAMS ENTERPRISES	NEFT INB: CNACAJWPF2                              TRANSFER TO 4899157044304 / SHYAMS ENTERPRISES	99922	4,400.00	 	8,95,861.28
6 Jul 2022	6 Jul 2022	   TO TRANSFER-INB NEFT UTR NO: SBIN122187735268--MANGALAM SANITARY	NEFT INB: CNACAJWRI0                              TRANSFER TO 4899157044304 / MANGALAM SANITARY	99922	6,467.00	 	8,89,394.28
6 Jul 2022	6 Jul 2022	   TO TRANSFER-INB NEFT UTR NO: SBIN122187738299--Sattar Sanitary Stores	NEFT INB: CNACAJWTM6                              TRANSFER TO 4899157044304 / Sattar Sanitary Stores	99922	15,335.00	 	8,74,059.28
6 Jul 2022	6 Jul 2022	   TO TRANSFER-INB NEFT UTR NO: SBIN122187740718--D S Associates	NEFT INB: CNACAJWTY8                              TRANSFER TO 4899157044304 / D S Associates	99922	4,163.00	 	8,69,896.28
6 Jul 2022	6 Jul 2022	   TO TRANSFER-INB NEFT UTR NO: SBIN122187742566--D S Associates	NEFT INB: CNACAJWVV4                              TRANSFER TO 4899157044304 / D S Associates	99922	19,477.00	 	8,50,419.28
6 Jul 2022	6 Jul 2022	   TO TRANSFER-INB NEFT UTR NO: SBIN122187745437--Andavar Marketing PVT LTD	NEFT INB: CNACAJWWI5                              TRANSFER TO 4899157044304 / Andavar Marketing PVT LTD	99922	4,380.00	 	8,46,039.28
6 Jul 2022	6 Jul 2022	   TO TRANSFER-INB NEFT UTR NO: SBIN122187748908--ASHA SANITATION	NEFT INB: CNACAJWXT4                              TRANSFER TO 4899157044304 / ASHA SANITATION	99922	8,066.00	 	8,37,973.28
7 Jul 2022	7 Jul 2022	CASH CHEQUE-CASH WITHDRAWAL BY CHQ--250756	 / 250756	40236	10,000.00	 	8,27,973.28
7 Jul 2022	7 Jul 2022	   BULK POSTING-CR_TAMILNADU SANITARY STO     05549442        0607--	 / 	16899	 	9,207.04	8,37,180.32
7 Jul 2022	7 Jul 2022	   TO TRANSFER-INB NEFT UTR NO: SBIN322188054094--Andavar Marketing PVT LTD	NEFT INB: CNACALFTP1                              TRANSFER TO 4899157044304 / Andavar Marketing PVT LTD	99922	4,810.00	 	8,32,370.32
7 Jul 2022	7 Jul 2022	   TO TRANSFER-INB Payment towards Invoice/Bill--	CTT0308455               TRANSFER TO 32423647359                           ARAVIND CERAMICS PRIVA / 	99922	36,250.00	 	7,96,120.32
7 Jul 2022	7 Jul 2022	   TO TRANSFER-INB Payment towards Invoice/Bill--	CTT0308937               TRANSFER TO 32950808735                           Mr. KASI  R / 	99922	17,000.00	 	7,79,120.32
7 Jul 2022	7 Jul 2022	   TO TRANSFER-INB Salary Payment--	CTT0309026               TRANSFER TO 31054735034                           Mr. NOUSHAD  ABDUL SAL / 	99922	15,000.00	 	7,64,120.32
8 Jul 2022	8 Jul 2022	   BULK POSTING-CR_TAMILNADU SANITARY STO     05548442        0707--	 / 	16899	 	4,885.85	7,69,006.17
8 Jul 2022	8 Jul 2022	   BULK POSTING-CR_TAMILNADU SANITARY STO     05549442        0707--	 / 	16899	 	3,119.53	7,72,125.70
10 Jul 2022	10 Jul 2022	   TO TRANSFER-INB NEFT UTR NO: SBIN122191511299--Sattar Sanitary Stores	NEFT INB: CNACANZYW7                              TRANSFER TO 4899157044304 / Sattar Sanitary Stores	99922	15,314.00	 	7,56,811.70
10 Jul 2022	10 Jul 2022	   TO TRANSFER-INB NEFT UTR NO: SBIN122191511923--AJANTHA BATHROOM PRODUCTS AND PIPES	NEFT INB: CNACANZYZ1                              TRANSFER TO 4899157044304 / AJANTHA BATHROOM PRODUCTS AND PIPES	99922	15,000.00	 	7,41,811.70
10 Jul 2022	10 Jul 2022	   TO TRANSFER-INB NEFT UTR NO: SBIN122191512922--NOBEL TILES WORLD	NEFT INB: CNACAOAAR2                              TRANSFER TO 4899157044304 / NOBEL TILES WORLD	99922	6,320.00	 	7,35,491.70
10 Jul 2022	10 Jul 2022	   TO TRANSFER-INB NEFT UTR NO: SBIN122191513313--NOBEL TILES WORLD	NEFT INB: CNACAOAAU4                              TRANSFER TO 4899157044304 / NOBEL TILES WORLD	99922	9,722.00	 	7,25,769.70
10 Jul 2022	10 Jul 2022	   TO TRANSFER-INB NEFT UTR NO: SBIN122191513750--NOBEL TILES WORLD	NEFT INB: CNACAOAAW3                              TRANSFER TO 4899157044304 / NOBEL TILES WORLD	99922	4,132.00	 	7,21,637.70
10 Jul 2022	10 Jul 2022	   TO TRANSFER-INB NEFT UTR NO: SBIN122191514305--Shiv Shakti Agencies	NEFT INB: CNACAOAAZ1                              TRANSFER TO 4899157044304 / Shiv Shakti Agencies	99922	4,106.00	 	7,17,531.70
10 Jul 2022	10 Jul 2022	   TO TRANSFER-INB ICICI_CC Payments--	WSBI1268409783CHJ8760702               TRANSFER TO 3199624162091 / 	99922	3,050.00	 	7,14,481.70
11 Jul 2022	11 Jul 2022	   BULK POSTING-CR_TAMILNADU SANITARY STO     05549442        0907--	 / 	16899	 	10,416.63	7,24,898.33
11 Jul 2022	11 Jul 2022	   CASH DEPOSIT-CASH DEPOSIT SELF--	 / 	40236	 	76,000.00	8,00,898.33
11 Jul 2022	11 Jul 2022	   CASH DEPOSIT-CASH DEPOSIT SELF--	 / 	40236	 	5,000.00	8,05,898.33
12 Jul 2022	12 Jul 2022	TO CLEARING-KCU   AS MARKETINGNIRMALA E--250757	 / 250757	10395	12,479.00	 	7,93,419.33
12 Jul 2022	12 Jul 2022	   TO TRANSFER-INB NEFT UTR NO: SBIN322193159167--D S Associates	NEFT INB: CNACAPRSF5                              TRANSFER TO 4899157044304 / D S Associates	99922	15,000.00	 	7,78,419.33
12 Jul 2022	12 Jul 2022	   TO TRANSFER-INB NEFT UTR NO: SBIN322193160779--SRI SENI Enterprises	NEFT INB: CNACAPRSO1                              TRANSFER TO 4899157044304 / SRI SENI Enterprises	99922	7,872.00	 	7,70,547.33
12 Jul 2022	12 Jul 2022	   TO TRANSFER-INB NEFT UTR NO: SBIN322193163145--MANGALAM SANITARY	NEFT INB: CNACAPRUJ0                              TRANSFER TO 4899157044304 / MANGALAM SANITARY	99922	11,501.00	 	7,59,046.33
12 Jul 2022	12 Jul 2022	   TO TRANSFER-INB NEFT UTR NO: SBIN322193163988--Lakshmi Hayagrivaa Maarketing	NEFT INB: CNACAPRVF8                              TRANSFER TO 4899157044304 / Lakshmi Hayagrivaa Maarketing	99922	5,000.00	 	7,54,046.33
12 Jul 2022	12 Jul 2022	BY CLEARING / CHEQUE-PNB   600024036-617099 600002332--617099	 / 617099	10395	 	1,500.00	7,55,546.33
12 Jul 2022	12 Jul 2022	CHQ TRANSFER-TO DD--250758	 / 250758	40236	1,44,600.00	 	6,10,946.33
12 Jul 2022	12 Jul 2022	   DEBIT-PoS Rent for TID-05548442-Jun'22--	 / 	16899	411.82	 	6,10,534.51
13 Jul 2022	13 Jul 2022	   BULK POSTING-CR_TAMILNADU SANITARY STO     05548442        1207--	 / 	16899	 	636.35	6,11,170.86
13 Jul 2022	13 Jul 2022	   TO TRANSFER-INB NEFT UTR NO: SBIN422194431441--Andavar Marketing PVT LTD	NEFT INB: CNACAQZFH0                              TRANSFER TO 4899157044304 / Andavar Marketing PVT LTD	99922	13,751.00	 	5,97,419.86
13 Jul 2022	13 Jul 2022	   BY TRANSFER-UPI/CR/219452429570/YUVARAJ V/KKBK/yuvarajven/UPI--	TRANSFER FROM 4693305162095 / 	40236	 	4,560.00	6,01,979.86
13 Jul 2022	13 Jul 2022	   BY TRANSFER-INB IMPS219417450352/9840085609/XX0645/--	MAA001076276271          MAA001076276271          TRANSFER FROM 4897984162093 / 	99922	 	5,000.00	6,06,979.86
13 Jul 2022	13 Jul 2022	   BY TRANSFER-INB IMPS219418471739/9840085609/XX0645/--	MAA001076347182          MAA001076347182          TRANSFER FROM 4897987162090 / 	99922	 	2,000.00	6,08,979.86
14 Jul 2022	14 Jul 2022	   TO TRANSFER-INB--	15504705622CHJ9135185               TRANSFER TO 4599568162099 / 	99922	1,374.70	 	6,07,605.16
14 Jul 2022	14 Jul 2022	   BULK POSTING-CR_TAMILNADU SANITARY STO     05548442        1307--	 / 	16899	 	12,763.00	6,20,368.16
14 Jul 2022	14 Jul 2022	CHEQUE DEPOSIT---765019	 / 765019	40236	 	36,000.00	6,56,368.16
14 Jul 2022	14 Jul 2022	   DEBIT- IOI PAYMENT CHARGES--	 / 	40236	118.00	 	6,56,250.16
15 Jul 2022	15 Jul 2022	   CASH DEPOSIT-CASH DEPOSIT SELF--	 / 	40236	 	50,000.00	7,06,250.16
15 Jul 2022	15 Jul 2022	   BY TRANSFER-UPI/CR/219647148438/SATHYAVA/CNRB/meghashyam/UPI--	TRANSFER FROM 4693470162093 / 	40246	 	27,000.00	7,33,250.16
15 Jul 2022	15 Jul 2022	   BULK POSTING-CR_TAMILNADU SANITARY STO     05548442        1407--	 / 	16899	 	1,424.28	7,34,674.44
15 Jul 2022	15 Jul 2022	   BULK POSTING-CR_TAMILNADU SANITARY STO     05549442        1407--	 / 	16899	 	3,949.64	7,38,624.08
15 Jul 2022	15 Jul 2022	CHQ TRANSFER-TO DD--250759	 / 250759	40236	36,180.00	 	7,02,444.08
15 Jul 2022	15 Jul 2022	   BY TRANSFER-NEFT*ICIC0000009*CMS2706376705*THG PUBLISHING PVT--	TRANSFER FROM 3199410044308 / 	4430	 	775.00	7,03,219.08
16 Jul 2022	16 Jul 2022	   TO TRANSFER-INB NEFT UTR NO: SBIN222197329983--Andavar Marketing PVT LTD	NEFT INB: CNACAUBZH6                              TRANSFER TO 4899157044304 / Andavar Marketing PVT LTD	99922	705.00	 	7,02,514.08
16 Jul 2022	16 Jul 2022	   TO TRANSFER-INB NEFT UTR NO: SBIN222197329256--Andavar Marketing PVT LTD	NEFT INB: CNACAUBZL5                              TRANSFER TO 4899157044304 / Andavar Marketing PVT LTD	99922	7,815.00	 	6,94,699.08
16 Jul 2022	16 Jul 2022	   TO TRANSFER-INB NEFT UTR NO: SBIN222197330555--K M CERAMICS	NEFT INB: CNACAUCBL8                              TRANSFER TO 4899157044304 / K M CERAMICS	99922	20,000.00	 	6,74,699.08
16 Jul 2022	16 Jul 2022	   TO TRANSFER-INB NEFT UTR NO: SBIN222197330322--FRIENDLY SERVICES	NEFT INB: CNACAUCCE0                              TRANSFER TO 4899157044304 / FRIENDLY SERVICES	99922	4,080.00	 	6,70,619.08
16 Jul 2022	16 Jul 2022	   TO TRANSFER-INB Payment towards Invoice/Bill--	CTT1540651               TRANSFER TO 32423647359                           ARAVIND CERAMICS PRIVA / 	99922	6,550.00	 	6,64,069.08
16 Jul 2022	16 Jul 2022	   TO TRANSFER-INB Payment towards Invoice/Bill--	CTT1540672               TRANSFER TO 31547097771                           KHUZEMA MAMUWALA AND C / 	99922	4,367.00	 	6,59,702.08
16 Jul 2022	16 Jul 2022	   TO TRANSFER-INB NEFT UTR NO: SBIN222197330866--D S Associates	NEFT INB: CNACAUCDS5                              TRANSFER TO 4899157044304 / D S Associates	99922	14,270.00	 	6,45,432.08
16 Jul 2022	16 Jul 2022	   TO TRANSFER-INB NEFT UTR NO: SBIN222197331253--SRI SENI Enterprises	NEFT INB: CNACAUCDX5                              TRANSFER TO 4899157044304 / SRI SENI Enterprises	99922	13,951.00	 	6,31,481.08
16 Jul 2022	16 Jul 2022	   TO TRANSFER-INB NEFT UTR NO: SBIN222197332156--MANGALAM SANITARY	NEFT INB: CNACAUCER3                              TRANSFER TO 4899157044304 / MANGALAM SANITARY	99922	7,000.00	 	6,24,481.08
16 Jul 2022	16 Jul 2022	   TO TRANSFER-INB Payment towards Invoice/Bill--	CTT1541109               TRANSFER TO 57002369188                           NELLAI CERAMIC CENTRE / 	99922	7,292.00	 	6,17,189.08
16 Jul 2022	16 Jul 2022	   TO TRANSFER-INB NEFT UTR NO: SBIN222197333791--AJANTHA BATHROOM PRODUCTS AND PIPES	NEFT INB: CNACAUCGN8                              TRANSFER TO 4899157044304 / AJANTHA BATHROOM PRODUCTS AND PIPES	99922	4,317.00	 	6,12,872.08
16 Jul 2022	16 Jul 2022	   TO TRANSFER-INB NEFT UTR NO: SBIN222197334517--AJANTHA BATHROOM PRODUCTS AND PIPES	NEFT INB: CNACAUCHL7                              TRANSFER TO 4899157044304 / AJANTHA BATHROOM PRODUCTS AND PIPES	99922	13,148.00	 	5,99,724.08
16 Jul 2022	16 Jul 2022	   BULK POSTING-CR_TAMILNADU SANITARY STO     05549442        1507--	 / 	16899	 	469.92	6,00,194.00
18 Jul 2022	18 Jul 2022	   BY TRANSFER-UPI/CR/219917588150/Mr M SUR/IDIB/sureshm668/hi--	TRANSFER FROM 5098803162097 / 	40236	 	6,000.00	6,06,194.00
18 Jul 2022	18 Jul 2022	   BULK POSTING-CR_TAMILNADU SANITARY STO     05549442        1607--	 / 	16899	 	2,453.86	6,08,647.86
18 Jul 2022	18 Jul 2022	   BY TRANSFER-UPI/CR/219918864907/DOSS MUR/UTIB/dass.murug/tile--	TRANSFER FROM 4695081162090 / 	40236	 	1,540.00	6,10,187.86
19 Jul 2022	19 Jul 2022	   TO TRANSFER-INB NEFT UTR NO: SBIN422200074235--Andavar Marketing PVT LTD	NEFT INB: CNACAWGKO4                              TRANSFER TO 4899157044304 / Andavar Marketing PVT LTD	99922	13,005.00	 	5,97,182.86
19 Jul 2022	19 Jul 2022	   TO TRANSFER-INB NEFT UTR NO: SBIN422200075548--Andavar Marketing PVT LTD	NEFT INB: CNACAWGLW2                              TRANSFER TO 4899157044304 / Andavar Marketing PVT LTD	99922	3,825.00	 	5,93,357.86
19 Jul 2022	19 Jul 2022	   TO TRANSFER-INB NEFT UTR NO: SBIN422200076355--FRIENDLY SERVICES	NEFT INB: CNACAWGME1                              TRANSFER TO 4899157044304 / FRIENDLY SERVICES	99922	1,530.00	 	5,91,827.86
19 Jul 2022	19 Jul 2022	   TO TRANSFER-INB NEFT UTR NO: SBIN422200076092--AIM TECH VIKING	NEFT INB: CNACAWGNI1                              TRANSFER TO 4899157044304 / AIM TECH VIKING	99922	9,000.00	 	5,82,827.86
19 Jul 2022	19 Jul 2022	   TO TRANSFER-INB NEFT UTR NO: SBIN422200077383--Super Trading Corporation	NEFT INB: CNACAWGNV2                              TRANSFER TO 4899157044304 / Super Trading Corporation	99922	15,000.00	 	5,67,827.86
19 Jul 2022	19 Jul 2022	   TO TRANSFER-INB NEFT UTR NO: SBIN422200078791--SRI SENI Enterprises	NEFT INB: CNACAWGPD2                              TRANSFER TO 4899157044304 / SRI SENI Enterprises	99922	6,625.00	 	5,61,202.86
19 Jul 2022	19 Jul 2022	   TO TRANSFER-INB NEFT UTR NO: SBIN422200079615--D S Associates	NEFT INB: CNACAWGRD3                              TRANSFER TO 4899157044304 / D S Associates	99922	17,724.00	 	5,43,478.86
19 Jul 2022	19 Jul 2022	   TO TRANSFER-INB NEFT UTR NO: SBIN422200079254--D S Associates	NEFT INB: CNACAWGSD6                              TRANSFER TO 4899157044304 / D S Associates	99922	13,810.00	 	5,29,668.86
19 Jul 2022	19 Jul 2022	   BULK POSTING-CR_TAMILNADU SANITARY STO     05548442        1807--	 / 	16899	 	20,533.25	5,50,202.11
19 Jul 2022	19 Jul 2022	   BULK POSTING-CR_TAMILNADU SANITARY STO     05549442        1807--	 / 	16899	 	19,787.60	5,69,989.71
19 Jul 2022	19 Jul 2022	   BY TRANSFER-NEFT*ICIC0SF0002*448126557*NIRMALA SOOSAIMUTHU*Nir--	TRANSFER FROM 3199962044300 / 	4430	 	25,000.00	5,94,989.71
20 Jul 2022	20 Jul 2022	   TO TRANSFER-INB--	22073300330383CKU2558033               TRANSFER TO 36959638390                           POOLING ACCOUNT GST-MM / 	99922	25,756.00	 	5,69,233.71
20 Jul 2022	20 Jul 2022	   TO TRANSFER-INB NEFT UTR NO: SBIN522201165949--Sattar Sanitary Stores	NEFT INB: CNACAXJON3                              TRANSFER TO 4899157044304 / Sattar Sanitary Stores	99922	17,864.00	 	5,51,369.71
20 Jul 2022	20 Jul 2022	   BULK POSTING-CR_TAMILNADU SANITARY STO     05548442        1907--	 / 	16899	 	1,294.80	5,52,664.51
20 Jul 2022	20 Jul 2022	   CASH DEPOSIT-CASH DEPOSIT SELF--	 / 	40236	 	84,500.00	6,37,164.51
20 Jul 2022	20 Jul 2022	BY CLEARING / CHEQUE-HDF   600240013-000203 600002332--203	 / 203	10395	 	5,500.00	6,42,664.51
20 Jul 2022	20 Jul 2022	   BY TRANSFER-NEFT*ICIC0SF0002*448798237*NIRMALA SOOSAIMUTHU*Nir--	TRANSFER FROM 3199412044307 / 	4430	 	2,460.00	6,45,124.51
21 Jul 2022	21 Jul 2022	   BY TRANSFER-NEFT*ICIC0SF0002*448989568*NIRMALA SOOSAIMUTHU*Nir--	TRANSFER FROM 3199675044306 / 	4430	 	2,140.00	6,47,264.51
21 Jul 2022	21 Jul 2022	   BY TRANSFER-UPI/CR/220275572035/Mr MONAJ/IDIB/kumarmanoj/UPI--	TRANSFER FROM 5099100162098 / 	40236	 	150.00	6,47,414.51
21 Jul 2022	21 Jul 2022	   BULK POSTING-CR_TAMILNADU SANITARY STO     05548442        2007--	 / 	16899	 	3,743.04	6,51,157.55
21 Jul 2022	21 Jul 2022	   BULK POSTING-CR_TAMILNADU SANITARY STO     05549442        2007--	 / 	16899	 	23,547.24	6,74,704.79
21 Jul 2022	21 Jul 2022	   BY TRANSFER-UPI/CR/220239543753/VNS CONS/UTIB/9840029632/NA--	TRANSFER FROM 5099083162095 / 	40236	 	4,250.00	6,78,954.79
23 Jul 2022	23 Jul 2022	   TO TRANSFER-INB NEFT UTR NO: SBIN222204624361--TAMILNADU SANITARY STORES	NEFT INB: CNACBADCK5                              TRANSFER TO 4899157044304 / TAMILNADU SANITARY STORES	99922	20,316.00	 	6,58,638.79
23 Jul 2022	23 Jul 2022	   BULK POSTING-CR_TAMILNADU SANITARY STO     05549442        2207--	 / 	16899	 	8,786.84	6,67,425.63
24 Jul 2022	24 Jul 2022	   TO TRANSFER-INB NEFT UTR NO: SBIN222205917713--Andavar Marketing PVT LTD	NEFT INB: CNACBATQX2                              TRANSFER TO 4899157044304 / Andavar Marketing PVT LTD	99922	13,092.00	 	6,54,333.63
24 Jul 2022	24 Jul 2022	   TO TRANSFER-INB NEFT UTR NO: SBIN222205917759--NOBEL TILES WORLD	NEFT INB: CNACBATRA4                              TRANSFER TO 4899157044304 / NOBEL TILES WORLD	99922	418.00	 	6,53,915.63
24 Jul 2022	24 Jul 2022	   TO TRANSFER-INB NEFT UTR NO: SBIN222205918838--NOBEL TILES WORLD	NEFT INB: CNACBATRT0                              TRANSFER TO 4899157044304 / NOBEL TILES WORLD	99922	16,000.00	 	6,37,915.63
24 Jul 2022	24 Jul 2022	   TO TRANSFER-INB NEFT UTR NO: SBIN222205918889--Paandurangaa Binding and Printing	NEFT INB: CNACBATRX3                              TRANSFER TO 4899157044304 / Paandurangaa Binding and Printing	99922	4,635.00	 	6,33,280.63
24 Jul 2022	24 Jul 2022	   TO TRANSFER-INB NEFT UTR NO: SBIN222205918962--PROVIDENT MARKETING	NEFT INB: CNACBATSE5                              TRANSFER TO 4899157044304 / PROVIDENT MARKETING	99922	3,398.00	 	6,29,882.63
24 Jul 2022	24 Jul 2022	   TO TRANSFER-INB NEFT UTR NO: SBIN222205917433--Lakshmi Hayagrivaa Maarketing	NEFT INB: CNACBATSI5                              TRANSFER TO 4899157044304 / Lakshmi Hayagrivaa Maarketing	99922	4,234.00	 	6,25,648.63
24 Jul 2022	24 Jul 2022	   TO TRANSFER-INB NEFT UTR NO: SBIN222205919072--MANGALAM SANITARY	NEFT INB: CNACBATSM8                              TRANSFER TO 4899157044304 / MANGALAM SANITARY	99922	7,353.00	 	6,18,295.63
24 Jul 2022	24 Jul 2022	   TO TRANSFER-INB NEFT UTR NO: SBIN222205919555--SRI SENI Enterprises	NEFT INB: CNACBATSQ2                              TRANSFER TO 4899157044304 / SRI SENI Enterprises	99922	10,000.00	 	6,08,295.63
25 Jul 2022	25 Jul 2022	   BULK POSTING-CR_TAMILNADU SANITARY STO     05548442        2407--	 / 	16899	 	2,605.00	6,10,900.63
25 Jul 2022	25 Jul 2022	   BULK POSTING-CR_TAMILNADU SANITARY STO     05548442        2307--	 / 	16899	 	1,815.64	6,12,716.27
25 Jul 2022	25 Jul 2022	BY CLEARING / CHEQUE-DBS   600641013-000106 600002332--106	 / 106	10395	 	15,650.00	6,28,366.27
26 Jul 2022	26 Jul 2022	TO CLEARING-PNB   JUMMA MASJID--250760	 / 250760	10395	14,550.00	 	6,13,816.27
26 Jul 2022	26 Jul 2022	   BULK POSTING-CR_TAMILNADU SANITARY STO     05549442        2507--	 / 	16899	 	776.88	6,14,593.15
26 Jul 2022	26 Jul 2022	   CASH DEPOSIT-CASH DEPOSIT SELF--	 / 	40236	 	94,500.00	7,09,093.15
27 Jul 2022	27 Jul 2022	TO CLEARING-HDF   NATIONALCERAMICCENTRE--250761	 / 250761	10395	2,640.00	 	7,06,453.15
27 Jul 2022	27 Jul 2022	   BULK POSTING-CR_TAMILNADU SANITARY STO     05549442        2607--	 / 	16899	 	514.12	7,06,967.27
27 Jul 2022	27 Jul 2022	   TO TRANSFER-INB NEFT UTR NO: SBIN422208959167--Sattar Sanitary Stores	NEFT INB: CNACBDEPH7                              TRANSFER TO 4899157044304 / Sattar Sanitary Stores	99922	17,778.00	 	6,89,189.27
27 Jul 2022	27 Jul 2022	   TO TRANSFER-INB NEFT UTR NO: SBIN422208962808--Sattar Sanitary Stores	NEFT INB: CNACBDEQV9                              TRANSFER TO 4899157044304 / Sattar Sanitary Stores	99922	16,249.00	 	6,72,940.27
27 Jul 2022	27 Jul 2022	   TO TRANSFER-INB NEFT UTR NO: SBIN422208964361--D S Associates	NEFT INB: CNACBDESE3                              TRANSFER TO 4899157044304 / D S Associates	99922	20,426.00	 	6,52,514.27
27 Jul 2022	27 Jul 2022	   TO TRANSFER-INB NEFT UTR NO: SBIN422208972275--Shabbir Sanitary Stores	NEFT INB: CNACBDEZL9                              TRANSFER TO 4899157044304 / Shabbir Sanitary Stores	99922	11,564.00	 	6,40,950.27
27 Jul 2022	27 Jul 2022	   TO TRANSFER-INB NEFT UTR NO: SBIN422208973089--SRI KRISHNA DISTRIBUTORS	NEFT INB: CNACBDFBG1                              TRANSFER TO 4899157044304 / SRI KRISHNA DISTRIBUTORS	99922	7,154.00	 	6,33,796.27
27 Jul 2022	27 Jul 2022	   TO TRANSFER-INB NEFT UTR NO: SBIN422208974906--AAA PEE Appliances	NEFT INB: CNACBDFDH9                              TRANSFER TO 4899157044304 / AAA PEE Appliances	99922	8,629.00	 	6,25,167.27
27 Jul 2022	27 Jul 2022	   TO TRANSFER-INB NEFT UTR NO: SBIN422208974248--AJANTHA BATHROOM PRODUCTS AND PIPES	NEFT INB: CNACBDFEP6                              TRANSFER TO 4899157044304 / AJANTHA BATHROOM PRODUCTS AND PIPES	99922	19,307.00	 	6,05,860.27
28 Jul 2022	28 Jul 2022	   BULK POSTING-CR_TAMILNADU SANITARY STO     05549442        2707--	 / 	16899	 	6,850.92	6,12,711.19
29 Jul 2022	29 Jul 2022	   BULK POSTING-CR_TAMILNADU SANITARY STO     05548442        2807--	 / 	16899	 	8,874.50	6,21,585.69
29 Jul 2022	29 Jul 2022	   BULK POSTING-CR_TAMILNADU SANITARY STO     05549442        2807--	 / 	16899	 	3,166.02	6,24,751.71
29 Jul 2022	29 Jul 2022	   CASH DEPOSIT-CASH DEPOSIT SELF--	 / 	40236	 	70,000.00	6,94,751.71
29 Jul 2022	29 Jul 2022	CASH HANDLING CHARGES---38976288	 / 38976288	40236	59.00	 	6,94,692.71
29 Jul 2022	29 Jul 2022	BY CLEARING / CHEQUE-KVB   600053055-000167 600002332--167	 / 167	10395	 	24,000.00	7,18,692.71
29 Jul 2022	29 Jul 2022	BY CLEARING / CHEQUE-KVB   600053055-000166 600002332--166	 / 166	10395	 	12,360.00	7,31,052.71
30 Jul 2022	30 Jul 2022	   TO TRANSFER-INB Payment towards Invoice/Bill--	CTT3257769               TRANSFER TO 32423647359                           ARAVIND CERAMICS PRIVA / 	99922	2,850.00	 	7,28,202.71
30 Jul 2022	30 Jul 2022	   TO TRANSFER-INB NEFT UTR NO: SBIN422211021234--FRIENDLY SERVICES	NEFT INB: CNACBGHED7                              TRANSFER TO 4899157044304 / FRIENDLY SERVICES	99922	2,550.00	 	7,25,652.71
30 Jul 2022	30 Jul 2022	   TO TRANSFER-INB NEFT UTR NO: SBIN422211029448--NOBEL TILES WORLD	NEFT INB: CNACBGHGW0                              TRANSFER TO 4899157044304 / NOBEL TILES WORLD	99922	15,979.00	 	7,09,673.71
30 Jul 2022	30 Jul 2022	   TO TRANSFER-INB NEFT UTR NO: SBIN422211031969--NOBEL TILES WORLD	NEFT INB: CNACBGHIH0                              TRANSFER TO 4899157044304 / NOBEL TILES WORLD	99922	15,832.00	 	6,93,841.71
30 Jul 2022	30 Jul 2022	   TO TRANSFER-INB NEFT UTR NO: SBIN422211059748--TRISHLA AGENCIES	NEFT INB: CNACBGHVS4                              TRANSFER TO 4899157044304 / TRISHLA AGENCIES	99922	5,216.00	 	6,88,625.71
30 Jul 2022	30 Jul 2022	   TO TRANSFER-INB NEFT UTR NO: SBIN422211063103--TRISHLA CORPORATION	NEFT INB: CNACBGHVM1                              TRANSFER TO 4899157044304 / TRISHLA CORPORATION	99922	5,982.00	 	6,82,643.71
30 Jul 2022	30 Jul 2022	   TO TRANSFER-INB NEFT UTR NO: SBIN422211114536--Lakshmi Hayagrivaa Maarketing	NEFT INB: CNACBGIOU5                              TRANSFER TO 4899157044304 / Lakshmi Hayagrivaa Maarketing	99922	3,894.00	 	6,78,749.71
30 Jul 2022	30 Jul 2022	   TO TRANSFER-INB NEFT UTR NO: SBIN422211116854--SRI SENI Enterprises	NEFT INB: CNACBGIQJ3                              TRANSFER TO 4899157044304 / SRI SENI Enterprises	99922	10,939.00	 	6,67,810.71

**This is a computer generated statement and does not require a signature