S.No	Value Date	Description	Ref No./Cheque No.	Ledger	        Debit	Credit	Balance
1	01-Oct-22	TO CLEARING-CIT   BHARTI AIRTEL LCLLN AC--156094	 / 156094	Telephone Charges	"4,125.64"	 	"4,93,486.49"
2	01-Oct-22	   CASH DEPOSIT-CASH DEPOSIT SELF--	 / 	Cash	 	"18,000.00"	"5,11,486.49"
3	01-Oct-22	   TO TRANSFER-INB NEFT UTR NO: SBIN222274539691--Andavar Marketing PVT LTD	NEFT INB: CNACDKZDW9                              TRANSFER TO 4899157044304 / Andavar Marketing PVT LTD	Andavar Marketing Pvt. Ltd.	"6,720.00"	 	"5,04,766.49"
4	01-Oct-22	   TO TRANSFER-INB NEFT UTR NO: SBIN222274606599--Andavar Marketing PVT LTD	NEFT INB: CNACDLANC1                              TRANSFER TO 4899157044304 / Andavar Marketing PVT LTD	Andavar Marketing Pvt. Ltd.	"2,530.00"	 	"5,02,236.49"
5	03-Oct-22	   CASH DEPOSIT-CASH DEPOSIT SELF--	 / 	Cash	 	"14,000.00"	"5,16,236.49"
6	03-Oct-22	BY CLEARING / CHEQUE-HDF   110240012-000098 600002332--98	 / 98	SUSPENSE	 	"22,700.00"	"5,38,936.49"
7	03-Oct-22	   BY TRANSFER-NEFT*ICIC0000009*CMS2869045177*THG PUBLISHING PVT--	TRANSFER FROM 3199964044308 / 	T H G Publishing Pvt Ltd	 	"1,850.00"	"5,40,786.49"
8	03-Oct-22	   BY TRANSFER-NEFT*ICIC0000009*CMS2869045176*THG PUBLISHING PVT--	TRANSFER FROM 3199958044305 / 	T H G Publishing Pvt Ltd	 	"6,530.00"	"5,47,316.49"
9	05-Oct-22	   BULK POSTING-CR_TAMILNADU SANITARY STO     05548442        0410--	 / 	CREDIT CARD SALES	 	"17,293.15"	"5,64,609.64"
10	06-Oct-22	   BULK POSTING-CR_TAMILNADU SANITARY STO     05548442        0510--	 / 	CREDIT CARD SALES	 	438.24	"5,65,047.88"
11	06-Oct-22	   CASH DEPOSIT-CASH DEPOSIT SELF--	 / 	Cash	 	"52,000.00"	"6,17,047.88"
12	07-Oct-22	   TO TRANSFER-INB NEFT UTR NO: SBIN322280446730--Andavar Marketing PVT LTD	NEFT INB: CNACDQEUO1                              TRANSFER TO 4899157044304 / Andavar Marketing PVT LTD	Andavar Marketing Pvt. Ltd.	"15,356.00"	 	"6,01,691.88"
13	07-Oct-22	   TO TRANSFER-INB NEFT UTR NO: SBIN322280450507--KONARKK and Co	NEFT INB: CNACDQEVJ6                              TRANSFER TO 4899157044304 / KONARKK and Co	KONARKK AND CO	"8,294.00"	 	"5,93,397.88"
14	07-Oct-22	   TO TRANSFER-INB NEFT UTR NO: SBIN322280452105--FRIENDLY SERVICES	NEFT INB: CNACDQEXK5                              TRANSFER TO 4899157044304 / FRIENDLY SERVICES	Friendly Services	"3,149.00"	 	"5,90,248.88"
15	07-Oct-22	   TO TRANSFER-INB NEFT UTR NO: SBIN322280453255--NOBEL TILES WORLD	NEFT INB: CNACDQEZD8                              TRANSFER TO 4899157044304 / NOBEL TILES WORLD	Nobel Tiles World	"20,000.00"	 	"5,70,248.88"
16	07-Oct-22	   TO TRANSFER-INB NEFT UTR NO: SBIN322280456715--K M CERAMICS	NEFT INB: CNACDQEZN0                              TRANSFER TO 4899157044304 / K M CERAMICS	K M CERAMICS	"15,000.00"	 	"5,55,248.88"
17	07-Oct-22	   TO TRANSFER-INB NEFT UTR NO: SBIN322280459082--Sattar Sanitary Stores	NEFT INB: CNACDQFAI4                              TRANSFER TO 4899157044304 / Sattar Sanitary Stores	Sattar Sanitary Stores	"10,814.00"	 	"5,44,434.88"
18	07-Oct-22	   TO TRANSFER-INB Salary Payment--	CTU1866113               TRANSFER TO 31054735034                           Mr. NOUSHAD  ABDUL SAL / 	Salary and Wages	"15,000.00"	 	"5,29,434.88"
19	07-Oct-22	   TO TRANSFER-INB Salary Payment--	CTU1866363               TRANSFER TO 32950808735                           Mr. KASI  R / 	Salary and Wages	"17,000.00"	 	"5,12,434.88"
20	07-Oct-22	   TO TRANSFER-INB NEFT UTR NO: SBIN322280461382--ARUNKUMAR MANOHARAN	NEFT INB: CNACDQFER3                              TRANSFER TO 4899157044304 / ARUNKUMAR MANOHARAN	ARUNKUMAR MANOHARAN	"5,000.00"	 	"5,07,434.88"
21	07-Oct-22	   TO TRANSFER-INB--	16011478749CHK6332295               TRANSFER TO 4599570162094 / 	SUSPENSE	"1,202.42"	 	"5,06,232.46"
22	08-Oct-22	   BULK POSTING-CR_TAMILNADU SANITARY STO     05548442        0710--	 / 	CREDIT CARD SALES	 	"13,182.64"	"5,19,415.10"
23	08-Oct-22	   BULK POSTING-CR_TAMILNADU SANITARY STO     05549442        0710--	 / 	CREDIT CARD SALES	 	"2,204.00"	"5,21,619.10"
24	09-Oct-22	   TO TRANSFER-INB NEFT UTR NO: SBIN522282132070--D S Associates	NEFT INB: CNACDRYLC2                              TRANSFER TO 4899157044304 / D S Associates	D.S.Associates	"15,795.00"	 	"5,05,824.10"
25	09-Oct-22	   TO TRANSFER-INB NEFT UTR NO: SBIN522282132600--D S Associates	NEFT INB: CNACDRYLE7                              TRANSFER TO 4899157044304 / D S Associates	D.S.Associates	"6,780.00"	 	"4,99,044.10"
26	09-Oct-22	   TO TRANSFER-INB NEFT UTR NO: SBIN522282130413--Sattar Sanitary Stores	NEFT INB: CNACDRYMU9                              TRANSFER TO 4899157044304 / Sattar Sanitary Stores	Sattar Sanitary Stores	"5,041.00"	 	"4,94,003.10"
27	09-Oct-22	   TO TRANSFER-INB NEFT UTR NO: SBIN522282132690--SRI SENI Enterprises	NEFT INB: CNACDRYMX6                              TRANSFER TO 4899157044304 / SRI SENI Enterprises	SRI Seni Enterprises	"6,352.00"	 	"4,87,651.10"
28	09-Oct-22	   TO TRANSFER-INB NEFT UTR NO: SBIN522282132749--SRI SENI Enterprises	NEFT INB: CNACDRYNA4                              TRANSFER TO 4899157044304 / SRI SENI Enterprises	SRI Seni Enterprises	"15,000.00"	 	"4,72,651.10"
29	09-Oct-22	   TO TRANSFER-INB NEFT UTR NO: SBIN522282132792--AJANTHA BATHROOM PRODUCTS AND PIPES	NEFT INB: CNACDRYNC9                              TRANSFER TO 4899157044304 / AJANTHA BATHROOM PRODUCTS AND PIPES	Ajantha Bathroom Products and Pipes Pvt Ltd	"8,938.00"	 	"4,63,713.10"
30	09-Oct-22	   TO TRANSFER-INB NEFT UTR NO: SBIN522282134660--SRI KRISHNA DISTRIBUTORS	NEFT INB: CNACDRYNG1                              TRANSFER TO 4899157044304 / SRI KRISHNA DISTRIBUTORS	SRI KRISHNA DISTRIBUTORS	"11,053.00"	 	"4,52,660.10"
31	09-Oct-22	   TO TRANSFER-INB NEFT UTR NO: SBIN522282135857--LEGEND	NEFT INB: CNACDRYQA3                              TRANSFER TO 4899157044304 / LEGEND	Legend	"13,890.00"	 	"4,38,770.10"
32	09-Oct-22	   TO TRANSFER-INB NEFT UTR NO: SBIN522282136570--National Ceramic Centre	NEFT INB: CNACDRYPJ5                              TRANSFER TO 4899157044304 / National Ceramic Centre	National Ceramic Centre	"2,250.00"	 	"4,36,520.10"
33	09-Oct-22	   TO TRANSFER-INB NEFT UTR NO: SBIN522282134974--NOBEL TILES WORLD	NEFT INB: CNACDRYPN1                              TRANSFER TO 4899157044304 / NOBEL TILES WORLD	Nobel Tiles World	"7,670.00"	 	"4,28,850.10"
34	09-Oct-22	   TO TRANSFER-INB NEFT UTR NO: SBIN522282136018--NOBEL TILES WORLD	NEFT INB: CNACDRYQK4                              TRANSFER TO 4899157044304 / NOBEL TILES WORLD	Nobel Tiles World	"15,000.00"	 	"4,13,850.10"
35	10-Oct-22	   BULK POSTING-CR_TAMILNADU SANITARY STO     05548442        0810--	 / 	CREDIT CARD SALES	 	"4,452.21"	"4,18,302.31"
36	10-Oct-22	   BULK POSTING-CR_TAMILNADU SANITARY STO     05549442        0810--	 / 	CREDIT CARD SALES	 	"1,664.30"	"4,19,966.61"
37	10-Oct-22	   TO TRANSFER-INB ICICI_CC Payments--	YSBI1491441837CHK6472916               TRANSFER TO 3199578162091 / 	ICICI Credit Card	"6,700.00"	 	"4,13,266.61"
38	10-Oct-22	   CASH DEPOSIT-CASH DEPOSIT SELF--	 / 	Cash	 	"70,000.00"	"4,83,266.61"
39	10-Oct-22	   BY TRANSFER-UPI/CR/228354463470/SIVAGURU/UBIN/sivagurur1/UPI--	TRANSFER FROM 4898945162091 / 	Sivaguru	 	"5,700.00"	"4,88,966.61"
40	10-Oct-22	   BY TRANSFER-UPI/CR/228379765341/SIVAGURU/UBIN/sivagurur1/UPI--	TRANSFER FROM 5098212162099 / 	Sivaguru	 	330	"4,89,296.61"
41	11-Oct-22	   BULK POSTING-CR_TAMILNADU SANITARY STO     05548442        1010--	 / 	CREDIT CARD SALES	 	"1,811.15"	"4,91,107.76"
42	11-Oct-22	   BULK POSTING-CR_TAMILNADU SANITARY STO     05549442        1010--	 / 	CREDIT CARD SALES	 	"5,939.09"	"4,97,046.85"
43	11-Oct-22	   BY TRANSFER-UPI/CR/228485985931/JAYAKANT/TMBL/jaikanth19/Tiles--	TRANSFER FROM 4695118162093 / 	SUSPENSE	 	"16,400.00"	"5,13,446.85"
44	13-Oct-22	   BULK POSTING-CR_TAMILNADU SANITARY STO     05548442        1210--	 / 	CREDIT CARD SALES	 	"13,613.87"	"5,27,060.72"
45	13-Oct-22	   BULK POSTING-CR_TAMILNADU SANITARY STO     05549442        1210--	 / 	CREDIT CARD SALES	 	"5,540.53"	"5,32,601.25"
46	13-Oct-22	   TO TRANSFER-INB NEFT UTR NO: SBIN422286001096--Sattar Sanitary Stores	NEFT INB: CNACDWDCX6                              TRANSFER TO 4899157044304 / Sattar Sanitary Stores	Sattar Sanitary Stores	"10,000.00"	 	"5,22,601.25"
47	13-Oct-22	   TO TRANSFER-INB NEFT UTR NO: SBIN422286001877--Sattar Sanitary Stores	NEFT INB: CNACDWDFG3                              TRANSFER TO 4899157044304 / Sattar Sanitary Stores	Sattar Sanitary Stores	"10,916.00"	 	"5,11,685.25"
48	13-Oct-22	   BY TRANSFER-UPI/CR/228658596348/SRIDHAR S/CNRB/sridhar909/UPI--	TRANSFER FROM 4693381162095 / 	S SRIDHAR	 	"5,720.00"	"5,17,405.25"
49	13-Oct-22	   TO TRANSFER-INB NEFT UTR NO: SBIN422286008885--TRISHLA AGENCIES	NEFT INB: CNACDWDPK9                              TRANSFER TO 4899157044304 / TRISHLA AGENCIES	Trishla Agencies	"5,967.00"	 	"5,11,438.25"
50	13-Oct-22	   TO TRANSFER-INB NEFT UTR NO: SBIN422286010492--VASSAVI TRADERS	NEFT INB: CNACDWDRH1                              TRANSFER TO 4899157044304 / VASSAVI TRADERS	VASSAVI TRADERS	"10,000.00"	 	"5,01,438.25"
51	13-Oct-22	   TO TRANSFER-INB NEFT UTR NO: SBIN422286011586--ASHA SANITATION	NEFT INB: CNACDWDTD2                              TRANSFER TO 4899157044304 / ASHA SANITATION	ASHA SANITATION	"7,632.00"	 	"4,93,806.25"
52	13-Oct-22	   TO TRANSFER-INB NEFT UTR NO: SBIN422286010828--AJANTHA BATHROOM PRODUCTS AND PIPES	NEFT INB: CNACDWDTO3                              TRANSFER TO 4899157044304 / AJANTHA BATHROOM PRODUCTS AND PIPES	Ajantha Bathroom Products and Pipes Pvt Ltd	"5,402.00"	 	"4,88,404.25"
53	13-Oct-22	   TO TRANSFER-INB Payment towards Invoice/Bill--	CTU2673024               TRANSFER TO 35879946549                           VARSIDDHI ENTERPRISES / 	VARSIDDHI ENTERPRISES PVT. LTD	"11,959.00"	 	"4,76,445.25"
54	13-Oct-22	   TO TRANSFER-INB NEFT UTR NO: SBIN422286014445--NOBEL TILES WORLD	NEFT INB: CNACDWDVX1                              TRANSFER TO 4899157044304 / NOBEL TILES WORLD	Nobel Tiles World	"15,000.00"	 	"4,61,445.25"
55	13-Oct-22	   BY TRANSFER-NEFT*ICIC0000009*CMS2889658076*THG PUBLISHING PVT--	TRANSFER FROM 3199678044303 / 	T H G Publishing Pvt Ltd	 	"4,200.00"	"4,65,645.25"
56	13-Oct-22	   BY TRANSFER-UPI/CR/228639757039/JAYAKANT/TMBL/jaikanth19/Tiles--	TRANSFER FROM 4693354162097 / 	SUSPENSE	 	"3,500.00"	"4,69,145.25"
57	14-Oct-22	   BULK POSTING-CR_TAMILNADU SANITARY STO     05548442        1310--	 / 	CREDIT CARD SALES	 	"1,860.10"	"4,71,005.35"
58	14-Oct-22	   BY TRANSFER-UPI/CR/228754603278/Mr SENTH/CIUB/senthilkum/UPI--	TRANSFER FROM 4693486162096 / 	SENTHIL	 	900	"4,71,905.35"
59	14-Oct-22	   TO TRANSFER-INB NEFT UTR NO: SBIN522287419061--D S Associates	NEFT INB: CNACDXRRV1                              TRANSFER TO 4899157044304 / D S Associates	D.S.Associates	"10,507.00"	 	"4,61,398.35"
60	14-Oct-22	   TO TRANSFER-INB NEFT UTR NO: SBIN522287421051--D S Associates	NEFT INB: CNACDXRVI4                              TRANSFER TO 4899157044304 / D S Associates	D.S.Associates	"10,000.00"	 	"4,51,398.35"
61	14-Oct-22	   TO TRANSFER-INB NEFT UTR NO: SBIN522287422754--SRI SENI Enterprises	NEFT INB: CNACDXRWR1                              TRANSFER TO 4899157044304 / SRI SENI Enterprises	SRI Seni Enterprises	"16,714.00"	 	"4,34,684.35"
62	14-Oct-22	   CASH DEPOSIT-CASH DEPOSIT SELF--	 / 	Cash	 	"1,24,500.00"	"5,59,184.35"
63	14-Oct-22	   TO TRANSFER-INB NEFT UTR NO: SBIN522287424086--Shabbir Sanitary Stores	NEFT INB: CNACDXRXX1                              TRANSFER TO 4899157044304 / Shabbir Sanitary Stores	Shabbir Sanitary Stores	"6,511.00"	 	"5,52,673.35"
64	14-Oct-22	   TO TRANSFER-INB NEFT UTR NO: SBIN522287425678--PROVIDENT MARKETING	NEFT INB: CNACDXRZV7                              TRANSFER TO 4899157044304 / PROVIDENT MARKETING	Provident Marketing	"12,535.00"	 	"5,40,138.35"
65	14-Oct-22	   BY TRANSFER-UPI/CR/228761204282/Mr SENTH/CIUB/senthilkum/UPI--	TRANSFER FROM 5099168162091 / 	SENTHIL	 	"2,100.00"	"5,42,238.35"
66	15-Oct-22	   BULK POSTING-CR_TAMILNADU SANITARY STO     05548442        1410--	 / 	CREDIT CARD SALES	 	"3,947.63"	"5,46,185.98"
67	15-Oct-22	   BULK POSTING-CR_TAMILNADU SANITARY STO     05549442        1410--	 / 	CREDIT CARD SALES	 	627.48	"5,46,813.46"
68	15-Oct-22	   TO TRANSFER-INB NEFT UTR NO: SBIN122288241571--Andavar Marketing PVT LTD	NEFT INB: CNACDYKWO0                              TRANSFER TO 4899157044304 / Andavar Marketing PVT LTD	Andavar Marketing Pvt. Ltd.	"13,516.00"	 	"5,33,297.46"
69	15-Oct-22	   TO TRANSFER-INB NEFT UTR NO: SBIN122288244314--TRISHLA CORPORATION	NEFT INB: CNACDYKYJ1                              TRANSFER TO 4899157044304 / TRISHLA CORPORATION	Trishla Corporation	"1,461.00"	 	"5,31,836.46"
70	15-Oct-22	   TO TRANSFER-INB NEFT UTR NO: SBIN122288246744--NOBEL TILES WORLD	NEFT INB: CNACDYLAT8                              TRANSFER TO 4899157044304 / NOBEL TILES WORLD	Nobel Tiles World	"13,150.00"	 	"5,18,686.46"
71	15-Oct-22	   TO TRANSFER-INB NEFT UTR NO: SBIN122288247421--MANGALAM SANITARY	NEFT INB: CNACDYLCV0                              TRANSFER TO 4899157044304 / MANGALAM SANITARY	Mangalam Sanitary	906	 	"5,17,780.46"
72	15-Oct-22	   TO TRANSFER-INB NEFT UTR NO: SBIN122288247641--MANGALAM SANITARY	NEFT INB: CNACDYLDT0                              TRANSFER TO 4899157044304 / MANGALAM SANITARY	Mangalam Sanitary	"10,000.00"	 	"5,07,780.46"
73	15-Oct-22	   TO TRANSFER-INB NEFT UTR NO: SBIN122288248621--TRISHLA AGENCIES	NEFT INB: CNACDYLFL3                              TRANSFER TO 4899157044304 / TRISHLA AGENCIES	Trishla Agencies	"4,863.00"	 	"5,02,917.46"
74	15-Oct-22	   TO TRANSFER-INB NEFT UTR NO: SBIN122288250150--SRI SENI Enterprises	NEFT INB: CNACDYLHK5                              TRANSFER TO 4899157044304 / SRI SENI Enterprises	SRI Seni Enterprises	"9,155.00"	 	"4,93,762.46"
75	15-Oct-22	   TO TRANSFER-INB NEFT UTR NO: SBIN122288252333--Sattar Sanitary Stores	NEFT INB: CNACDYLIX4                              TRANSFER TO 4899157044304 / Sattar Sanitary Stores	Sattar Sanitary Stores	"20,000.00"	 	"4,73,762.46"
76	15-Oct-22	   TO TRANSFER-INB NEFT UTR NO: SBIN122288253365--Sattar Sanitary Stores	NEFT INB: CNACDYLKI2                              TRANSFER TO 4899157044304 / Sattar Sanitary Stores	Sattar Sanitary Stores	"15,682.00"	 	"4,58,080.46"
77	15-Oct-22	   DEBIT-PoS Rent for TID-05548442-Sep'22--	 / 	SUSPENSE	411.82	 	"4,57,668.64"
78	15-Oct-22	   BY TRANSFER-UPI/CR/228885383365/JAYAKANT/TMBL/jaikanth19/UPI--	TRANSFER FROM 5098697162095 / 	SUSPENSE	 	"2,000.00"	"4,59,668.64"
79	17-Oct-22	   BULK POSTING-CR_TAMILNADU SANITARY STO     05548442        1510--	 / 	CREDIT CARD SALES	 	"5,477.13"	"4,65,145.77"
80	17-Oct-22	   BULK POSTING-CR_TAMILNADU SANITARY STO     05549442        1510--	 / 	CREDIT CARD SALES	 	"11,129.70"	"4,76,275.47"
81	17-Oct-22	   BULK POSTING-CR_TAMILNADU SANITARY STO     05548442        1610--	 / 	CREDIT CARD SALES	 	"3,803.36"	"4,80,078.83"
82	17-Oct-22	   BY TRANSFER-UPI/CR/229025974716/Mr MANOB/CIUB/bharathyma/UPI--	TRANSFER FROM 5098803162097 / 	MANO BHARAT	 	"1,575.00"	"4,81,653.83"
83	17-Oct-22	   TO TRANSFER-INB NEFT UTR NO: SBIN222290438105--GOEL CERAMICS	NEFT INB: CNACEABAI6                              TRANSFER TO 4899157044304 / GOEL CERAMICS	GOEL CERAMICS	"6,792.00"	 	"4,74,861.83"
84	17-Oct-22	   TO TRANSFER-INB NEFT UTR NO: SBIN222290440382--National Ceramic Centre	NEFT INB: CNACEABEM5                              TRANSFER TO 4899157044304 / National Ceramic Centre	National Ceramic Centre	"2,000.00"	 	"4,72,861.83"
85	17-Oct-22	   TO TRANSFER-INB NEFT UTR NO: SBIN222290441010--Andavar Marketing PVT LTD	NEFT INB: CNACEABGD7                              TRANSFER TO 4899157044304 / Andavar Marketing PVT LTD	Andavar Marketing Pvt. Ltd.	"1,530.00"	 	"4,71,331.83"
86	17-Oct-22	CHEQUE WDL- TRF--156090	TRANSFER FROM 32818937606                         GOLDEN HARDWARE CENTRE / 156090	Golden Hardware Centre	"3,249.00"	 	"4,68,082.83"
87	17-Oct-22	   BY TRANSFER-INB IMPS229015776938/9677247654/XX3346/NA--	MAC001114589872          MAC001114589872          TRANSFER FROM 4597933162090 / 	SUSPENSE	 	100	"4,68,182.83"
88	17-Oct-22	   BY TRANSFER-INB IMPS229015926678/9677247654/XX3346/RajarajanK--	MAD000167169558          MAD000167169558          TRANSFER FROM 4897949162095 / 	SUSPENSE	 	"7,540.00"	"4,75,722.83"
89	18-Oct-22	   BULK POSTING-CR_TAMILNADU SANITARY STO     05549442        1710--	 / 	CREDIT CARD SALES	 	"2,925.66"	"4,78,648.49"
90	18-Oct-22	BY CLEARING / CHEQUE-IOB   600020089-871887 600002332--871887	 / 871887	SUSPENSE	 	"2,680.00"	"4,81,328.49"
91	18-Oct-22	   TO TRANSFER-INB NEFT UTR NO: SBIN322291883477--NOBEL TILES WORLD	NEFT INB: CNACEBLTE2                              TRANSFER TO 4899157044304 / NOBEL TILES WORLD	Nobel Tiles World	"19,480.00"	 	"4,61,848.49"
92	18-Oct-22	   TO TRANSFER-INB NEFT UTR NO: SBIN322291887915--NOBEL TILES WORLD	NEFT INB: CNACEBLVL3                              TRANSFER TO 4899157044304 / NOBEL TILES WORLD	Nobel Tiles World	"15,000.00"	 	"4,46,848.49"
93	18-Oct-22	   TO TRANSFER-INB Payment towards Invoice/Bill--	CTU3366951               TRANSFER TO 57002369188                           NELLAI CERAMIC CENTRE / 	Nellai Ceramic Centre	"8,305.00"	 	"4,38,543.49"
94	18-Oct-22	   BY TRANSFER-NEFT*KVBL0002101*N291220166215976*PENDURTHIRANJIT*--	TRANSFER FROM 3199677044304 / 	Penruthi Ranjit	 	"10,670.00"	"4,49,213.49"
95	19-Oct-22	TO CLEARING-PNB   JUMMA MASJID--156095	 / 156095	Jumma Mosque - Gowden Rent Payable	"9,700.00"	 	"4,39,513.49"
96	19-Oct-22	   BULK POSTING-CR_TAMILNADU SANITARY STO     05549442        1810--	 / 	CREDIT CARD SALES	 	"1,543.80"	"4,41,057.29"
97	19-Oct-22	   TO TRANSFER-INB--	22103300298526CKV1510815               TRANSFER TO 36959638163                           POOLING ACCOUNT GST-MM / 	SUSPENSE	"27,375.00"	 	"4,13,682.29"
98	19-Oct-22	   CASH DEPOSIT-CASH DEPOSIT SELF--	 / 	Cash	 	"62,500.00"	"4,76,182.29"
99	20-Oct-22	TO CLEARING-CAB   TANGEDCO SE CEDC CENTRAL--156096	 / 156096	Electricity Charges	"9,064.00"	 	"4,67,118.29"
100	20-Oct-22	   BULK POSTING-CR_TAMILNADU SANITARY STO     05548442        1910--	 / 	CREDIT CARD SALES	 	"19,400.00"	"4,86,518.29"
101	20-Oct-22	   BULK POSTING-CR_TAMILNADU SANITARY STO     05549442        1910--	 / 	CREDIT CARD SALES	 	378.48	"4,86,896.77"
102	20-Oct-22	   BY TRANSFER-NEFT*BARB0SAIDAP*BARBZ22293014244*A.B.KAVITHAA CON--	TRANSFER FROM 3199675044306 / 	KAVITHA CONSTRUCTIONS	 	"8,500.00"	"4,95,396.77"
103	21-Oct-22	   TO TRANSFER-INB NEFT UTR NO: SBIN222294897663--NOBEL TILES WORLD	NEFT INB: CNACEEOAE0                              TRANSFER TO 4899157044304 / NOBEL TILES WORLD	Nobel Tiles World	"20,825.00"	 	"4,74,571.77"
104	21-Oct-22	   TO TRANSFER-INB NEFT UTR NO: SBIN222294910515--NOBEL TILES WORLD	NEFT INB: CNACEEOAQ3                              TRANSFER TO 4899157044304 / NOBEL TILES WORLD	Nobel Tiles World	"20,610.00"	 	"4,53,961.77"
105	21-Oct-22	   TO TRANSFER-INB NEFT UTR NO: SBIN222294906098--Andavar Marketing PVT LTD	NEFT INB: CNACEEOCH0                              TRANSFER TO 4899157044304 / Andavar Marketing PVT LTD	Andavar Marketing Pvt. Ltd.	"7,410.00"	 	"4,46,551.77"
106	21-Oct-22	   TO TRANSFER-INB NEFT UTR NO: SBIN222294925180--TRISHLA AGENCIES	NEFT INB: CNACEEOEF4                              TRANSFER TO 4899157044304 / TRISHLA AGENCIES	Trishla Agencies	"2,773.00"	 	"4,43,778.77"
107	21-Oct-22	   TO TRANSFER-INB Payment towards Invoice/Bill--	CTU3751089               TRANSFER TO 31547097771                           KHUZEMA MAMUWALA AND C / 	KHUZEMA MAMUWALA & CO PVT LTD	"6,808.00"	 	"4,36,970.77"
108	21-Oct-22	   BULK POSTING-CR_TAMILNADU SANITARY STO     05548442        2010--	 / 	CREDIT CARD SALES	 	"1,175.28"	"4,38,146.05"
109	21-Oct-22	   BULK POSTING-CR_TAMILNADU SANITARY STO     05549442        2010--	 / 	CREDIT CARD SALES	 	577.61	"4,38,723.66"
110	21-Oct-22	BY CLEARING / CHEQUE-IOB   600020028-944863 600002332--944863	 / 944863	SUSPENSE	 	"16,750.00"	"4,55,473.66"
111	21-Oct-22	   BY TRANSFER-UPI/CR/229473412933/Mr T Gif/CIUB/tensingh.t/UPI--	TRANSFER FROM 4693441162098 / 	SUSPENSE	 	"7,450.00"	"4,62,923.66"
112	23-Oct-22	   TO TRANSFER-INB NEFT UTR NO: SBIN122296883212--NOBEL TILES WORLD	NEFT INB: CNACEHBAU6                              TRANSFER TO 4899157044304 / NOBEL TILES WORLD	Nobel Tiles World	"10,800.00"	 	"4,52,123.66"
113	23-Oct-22	   TO TRANSFER-INB Payment towards Invoice/Bill--	CTU4087239               TRANSFER TO 35879946549                           VARSIDDHI ENTERPRISES / 	VARSIDDHI ENTERPRISES PVT. LTD	"8,982.00"	 	"4,43,141.66"
114	23-Oct-22	   TO TRANSFER-INB NEFT UTR NO: SBIN122296882678--AJANTHA BATHROOM PRODUCTS AND PIPES	NEFT INB: CNACEHBCO1                              TRANSFER TO 4899157044304 / AJANTHA BATHROOM PRODUCTS AND PIPES	Ajantha Bathroom Products and Pipes Pvt Ltd	"8,572.00"	 	"4,34,569.66"
115	23-Oct-22	   TO TRANSFER-INB NEFT UTR NO: SBIN122296883944--MANGALAM SANITARY	NEFT INB: CNACEHBCB4                              TRANSFER TO 4899157044304 / MANGALAM SANITARY	Mangalam Sanitary	"8,657.00"	 	"4,25,912.66"
116	23-Oct-22	   TO TRANSFER-INB NEFT UTR NO: SBIN122296883720--VASSAVI TRADERS	NEFT INB: CNACEHBCE5                              TRANSFER TO 4899157044304 / VASSAVI TRADERS	VASSAVI TRADERS	"9,085.00"	 	"4,16,827.66"
117	23-Oct-22	   TO TRANSFER-INB NEFT UTR NO: SBIN122296883779--SHRI Venkateswar Agency	NEFT INB: CNACEHBDA2                              TRANSFER TO 4899157044304 / SHRI Venkateswar Agency	SHRI VENKATESWAR AGENCY	"10,000.00"	 	"4,06,827.66"
118	23-Oct-22	   TO TRANSFER-INB NEFT UTR NO: SBIN122296884191--SHYAMS ENTERPRISES	NEFT INB: CNACEHBDZ8                              TRANSFER TO 4899157044304 / SHYAMS ENTERPRISES	Shyam's Enterprises	"5,260.00"	 	"4,01,567.66"
119	23-Oct-22	   TO TRANSFER-INB NEFT UTR NO: SBIN122296884915--SRI SENI Enterprises	NEFT INB: CNACEHBEV1                              TRANSFER TO 4899157044304 / SRI SENI Enterprises	SRI Seni Enterprises	"3,367.00"	 	"3,98,200.66"
120	23-Oct-22	   TO TRANSFER-INB NEFT UTR NO: SBIN122296884955--SRI SENI Enterprises	NEFT INB: CNACEHBEF5                              TRANSFER TO 4899157044304 / SRI SENI Enterprises	SRI Seni Enterprises	"10,000.00"	 	"3,88,200.66"
121	23-Oct-22	   TO TRANSFER-INB NEFT UTR NO: SBIN122296885045--Sattar Sanitary Stores	NEFT INB: CNACEHBDP4                              TRANSFER TO 4899157044304 / Sattar Sanitary Stores	Sattar Sanitary Stores	"10,250.00"	 	"3,77,950.66"
122	23-Oct-22	   TO TRANSFER-INB NEFT UTR NO: SBIN122296885997--Sattar Sanitary Stores	NEFT INB: CNACEHBEN1                              TRANSFER TO 4899157044304 / Sattar Sanitary Stores	Sattar Sanitary Stores	"15,000.00"	 	"3,62,950.66"
123	23-Oct-22	   TO TRANSFER-INB NEFT UTR NO: SBIN122296885587--D S Associates	NEFT INB: CNACEHBDT8                              TRANSFER TO 4899157044304 / D S Associates	D.S.Associates	"2,563.00"	 	"3,60,387.66"
124	23-Oct-22	   TO TRANSFER-INB NEFT UTR NO: SBIN122296884658--D S Associates	NEFT INB: CNACEHBES2                              TRANSFER TO 4899157044304 / D S Associates	D.S.Associates	"10,000.00"	 	"3,50,387.66"
125	24-Oct-22	   BULK POSTING-CR_TAMILNADU SANITARY STO     05549442        2210--	 / 	CREDIT CARD SALES	 	"6,536.67"	"3,56,924.33"
126	24-Oct-22	   BULK POSTING-CR_TAMILNADU SANITARY STO     05549442        2310--	 / 	CREDIT CARD SALES	 	"6,338.93"	"3,63,263.26"
127	25-Oct-22	   TO TRANSFER-INB NEFT UTR NO: SBIN222298254640--K M CERAMICS	NEFT INB: CNACEHPTS1                              TRANSFER TO 4899157044304 / K M CERAMICS	K M CERAMICS	"18,840.00"	 	"3,44,423.26"
128	25-Oct-22	   CASH DEPOSIT-CASH DEPOSIT SELF--	 / 	Cash	 	"44,500.00"	"3,88,923.26"
129	25-Oct-22	   BY TRANSFER-UPI/CR/229815649608/SUMANTH /HDFC/sharmasuma/Suman--	TRANSFER FROM 5098880162095 / 	SANGEETHA ENTERPRISES - Sumanth Sharma	 	"2,870.00"	"3,91,793.26"
130	26-Oct-22	   BULK POSTING-CR_TAMILNADU SANITARY STO     05549442        2510--	 / 	CREDIT CARD SALES	 	"8,057.13"	"3,99,850.39"
131	26-Oct-22	BY CLEARING / CHEQUE-INB   600019014-067611 600002332--67611	 / 67611	SUSPENSE	 	"40,800.00"	"4,40,650.39"
132	26-Oct-22	   BY TRANSFER-INB IMPS229915314813/9940675509/XX6663/LAKSHMI SH--	MAA001162187550          MAA001162187550          TRANSFER FROM 4597943162098 / 	SUSPENSE	 	"9,150.00"	"4,49,800.39"
133	27-Oct-22	   BULK POSTING-CR_TAMILNADU SANITARY STO     05549442        2610--	 / 	CREDIT CARD SALES	 	"17,339.41"	"4,67,139.80"
134	27-Oct-22	   CASH DEPOSIT-CASH DEPOSIT SELF--	 / 	Cash	 	"59,400.00"	"5,26,539.80"
135	27-Oct-22	   CASH DEPOSIT-CASH DEPOSIT SELF--	 / 	Cash	 	"22,000.00"	"5,48,539.80"
136	28-Oct-22	   BULK POSTING-CR_TAMILNADU SANITARY STO     05548442        2710--	 / 	CREDIT CARD SALES	 	"10,772.16"	"5,59,311.96"
137	28-Oct-22	   BULK POSTING-CR_TAMILNADU SANITARY STO     05549442        2710--	 / 	CREDIT CARD SALES	 	"11,215.03"	"5,70,526.99"
138	28-Oct-22	BY CLEARING / CHEQUE-HDF   600240093-000030 600002332--30	 / 30	SUSPENSE	 	"14,560.00"	"5,85,086.99"
139	29-Oct-22	   TO TRANSFER-INB Payment towards Invoice/Bill--	CTU4640325               TRANSFER TO 57002369188                           NELLAI CERAMIC CENTRE / 	Nellai Ceramic Centre	"16,978.00"	 	"5,68,108.99"
140	29-Oct-22	   TO TRANSFER-INB NEFT UTR NO: SBIN522302854900--NOBEL TILES WORLD	NEFT INB: CNACEKNAR8                              TRANSFER TO 4899157044304 / NOBEL TILES WORLD	Nobel Tiles World	"13,965.00"	 	"5,54,143.99"
141	29-Oct-22	   TO TRANSFER-INB NEFT UTR NO: SBIN522302854708--NOVELTY	NEFT INB: CNACEKNBI6                              TRANSFER TO 4899157044304 / NOVELTY	NOVELTY	"4,959.00"	 	"5,49,184.99"
142	29-Oct-22	   TO TRANSFER-INB Payment towards Invoice/Bill--	CTU4640500               TRANSFER TO 32423647359                           ARAVIND CERAMICS PRIVA / 	Aravind Creamics Private Limited	"16,510.00"	 	"5,32,674.99"
143	29-Oct-22	   TO TRANSFER-INB NEFT UTR NO: SBIN522302856801--TRISHLA AGENCIES	NEFT INB: CNACEKNDI7                              TRANSFER TO 4899157044304 / TRISHLA AGENCIES	trishla agencies	"4,960.00"	 	"5,27,714.99"
144	29-Oct-22	   TO TRANSFER-INB NEFT UTR NO: SBIN522302856987--MANGALAM SANITARY	NEFT INB: CNACEKNDO3                              TRANSFER TO 4899157044304 / MANGALAM SANITARY	Mangalam Sanitary	"6,136.00"	 	"5,21,578.99"
145	29-Oct-22	   TO TRANSFER-INB NEFT UTR NO: SBIN522302856247--LEGEND	NEFT INB: CNACEKNDT4                              TRANSFER TO 4899157044304 / LEGEND	Legend	"3,516.00"	 	"5,18,062.99"
146	29-Oct-22	   TO TRANSFER-INB NEFT UTR NO: SBIN522302859766--PROVIDENT MARKETING	NEFT INB: CNACEKNER2                              TRANSFER TO 4899157044304 / PROVIDENT MARKETING	Provident Marketing	"13,000.00"	 	"5,05,062.99"
147	29-Oct-22	   TO TRANSFER-INB NEFT UTR NO: SBIN522302856703--SHYAMS ENTERPRISES	NEFT INB: CNACEKNGK1                              TRANSFER TO 4899157044304 / SHYAMS ENTERPRISES	Shyam's Enterprises	"6,656.00"	 	"4,98,406.99"
148	29-Oct-22	   TO TRANSFER-INB NEFT UTR NO: SBIN522302860775--SRI SENI Enterprises	NEFT INB: CNACEKNGO3                              TRANSFER TO 4899157044304 / SRI SENI Enterprises	SRI Seni Enterprises	"22,642.00"	 	"4,75,764.99"
149	29-Oct-22	   TO TRANSFER-INB NEFT UTR NO: SBIN522302863349--D S Associates	NEFT INB: CNACEKNLI3                              TRANSFER TO 4899157044304 / D S Associates	D.S.Associates	"10,000.00"	 	"4,65,764.99"
150	29-Oct-22	   TO TRANSFER-INB NEFT UTR NO: SBIN522302862707--Sattar Sanitary Stores	NEFT INB: CNACEKNLP6                              TRANSFER TO 4899157044304 / Sattar Sanitary Stores	Sattar Sanitary Stores	"15,511.00"	 	"4,50,253.99"
151	29-Oct-22	   TO TRANSFER-INB NEFT UTR NO: SBIN522302863258--Sattar Sanitary Stores	NEFT INB: CNACEKNMR1                              TRANSFER TO 4899157044304 / Sattar Sanitary Stores	Sattar Sanitary Stores	"8,500.00"	 	"4,41,753.99"
152	29-Oct-22	   BULK POSTING-CR_TAMILNADU SANITARY STO     05548442        2810--	 / 	CREDIT CARD SALES	 	"4,254.33"	"4,46,008.32"
153	29-Oct-22	   BULK POSTING-CR_TAMILNADU SANITARY STO     05549442        2810--	 / 	CREDIT CARD SALES	 	"4,277.47"	"4,50,285.79"
154	29-Oct-22	   BY TRANSFER-UPI/CR/230241019000/J LAKSHMI/HDFC/9884049956/Bill--	TRANSFER FROM 5098677162099 / 	SUSPENSE	 	"22,051.00"	"4,72,336.79"
155	30-Oct-22	   TO TRANSFER-INB NEFT UTR NO: SBIN122303541309--Andavar Marketing PVT LTD	NEFT INB: CNACELITI1                              TRANSFER TO 4899157044304 / Andavar Marketing PVT LTD	Andavar Marketing Pvt. Ltd.	"7,665.00"	 	"4,64,671.79"
156	30-Oct-22	   BY TRANSFER-UPI/CR/230310910648/Mr SANKA/CBIN/sitasankar/UPI--	TRANSFER FROM 5098785162095 / 	SUSPENSE	 	"2,630.00"	"4,67,301.79"
157	31-Oct-22	   BULK POSTING-CR_TAMILNADU SANITARY STO     05549442        2910--	 / 	CREDIT CARD SALES	 	"33,387.54"	"5,00,689.33"
158	31-Oct-22	   BY TRANSFER-UPI/CR/230497658000/Mr RAJA/IDIB/rajacivil2/tiles--	TRANSFER FROM 5098860162099 / 	RAJA	 	"2,610.00"	"5,03,299.33"
159	31-Oct-22	   BY TRANSFER-UPI/CR/230486256992/NAKKA SO/ICIC/somesh2998/UPI--	TRANSFER FROM 4695098162091 / 	SUSPENSE	 	1	"5,03,300.33"
160	31-Oct-22	   BY TRANSFER-UPI/CR/230492158981/NAKKA SO/ICIC/somesh2998/UPI--	TRANSFER FROM 4693063162097 / 	SUSPENSE	 	"26,000.00"	"5,29,300.33"
161	31-Oct-22	   TO TRANSFER-INB NEFT UTR NO: SBIN322304096339--NOBEL TILES WORLD	NEFT INB: CNACEMFKD0                              TRANSFER TO 4899157044304 / NOBEL TILES WORLD	Nobel Tiles World	"18,070.00"	 	"5,11,230.33"
162	31-Oct-22	   TO TRANSFER-INB NEFT UTR NO: SBIN322304102668--NOBEL TILES WORLD	NEFT INB: CNACEMFMF8                              TRANSFER TO 4899157044304 / NOBEL TILES WORLD	Nobel Tiles World	"12,075.00"	 	"4,99,155.33"
