Account Name       :                	TAMILNADU SANITARY STORES
Address            :	NO 143,  KUTCHERY ROAD,  MYLAPORE  Chennai
                                    	CHENNAI
                                    	TAMILNADU-600004
                                    	India
Date               :                	2 Apr 2021
Account Number     :	_00000030976446269
Account Description:	CA-REGULAR-PUB-OTH-ALL-INR
Branch             :	SANTHOME
Drawing Power      :	0.00
Interest Rate(% p.a.):	0.0
MOD Balance      :	0.00
CIF No.          :	_85676868920
IFS Code         :	SBIN0040236
MICR Code        :	_600002332
Balance on 1 Mar 2021        :	10,36,781.06
Start Date          :	1 Mar 2021
End Date            :	31 Mar 2021
Txn Date	Value Date	Description	Ref No./Cheque No.	Branch Code	        Debit	Credit	Balance	
1 Mar 2021	1 Mar 2021	   BULK POSTING-CR_TAMILNADU SANITARY STO             05548442  28--	 / 	16899	 	13,262.99	10,50,044.05
1 Mar 2021	1 Mar 2021	   BULK POSTING-CR_TAMILNADU SANITARY STO             05549442  28--	 / 	16899	 	19,909.80	10,69,953.85
1 Mar 2021	1 Mar 2021	   CASH DEPOSIT-CASH DEPOSIT SELF--	 / 	40236	 	55,000.00	11,24,953.85
1 Mar 2021	1 Mar 2021	CHEQUE WDL- TO GOLDEN HARDWARE CENTRE--116717	TRANSFER FROM 32818937606                         GOLDEN HARDWARE CENTRE / 116717	40236	3,530.00	 	11,21,423.85
2 Mar 2021	2 Mar 2021	   BY TRANSFER-NEFT*ICIC0000104*CMS1837933615*THG PUBLISHING PVT--	TRANSFER FROM 3199968044304 / 	4430	 	800.00	11,22,223.85
2 Mar 2021	2 Mar 2021	   BY TRANSFER-NEFT*ICIC0000104*CMS1837933613*THG PUBLISHING PVT--	TRANSFER FROM 3199683044306 / 	4430	 	320.00	11,22,543.85
2 Mar 2021	2 Mar 2021	   BY TRANSFER-NEFT*ICIC0000104*CMS1837933611*THG PUBLISHING PVT--	TRANSFER FROM 3199416044303 / 	4430	 	9,672.00	11,32,215.85
2 Mar 2021	2 Mar 2021	TO CLEARING-HDF   NATIONALCERAMICCENTRE--116723	 / 116723	10395	4,725.00	 	11,27,490.85
2 Mar 2021	2 Mar 2021	TO CLEARING-HDF   NATIONALCERAMICCENTRE--116721	 / 116721	10395	7,510.00	 	11,19,980.85
2 Mar 2021	2 Mar 2021	   BULK POSTING-CR_TAMILNADU SANITARY STO             05549442  01--	 / 	16899	 	22,000.77	11,41,981.62
2 Mar 2021	2 Mar 2021	   CASH DEPOSIT-CASH DEPOSIT SELF--	 / 	40236	 	19,000.00	11,60,981.62
2 Mar 2021	2 Mar 2021	   TO TRANSFER-INB NEFT UTR NO: SBIN521061927587--Andavar Marketing PVT LTD	NEFT INB: CNABJDRDH5                              TRANSFER TO 3197944044306 / Andavar Marketing PVT LTD	99922	11,626.00	 	11,49,355.62
2 Mar 2021	2 Mar 2021	   TO TRANSFER-INB NEFT UTR NO: SBIN521061928969--Andavar Marketing PVT LTD	NEFT INB: CNABJDREV1                              TRANSFER TO 3197944044306 / Andavar Marketing PVT LTD	99922	10,847.00	 	11,38,508.62
2 Mar 2021	2 Mar 2021	   TO TRANSFER-INB NEFT UTR NO: SBIN521061930344--Andavar Marketing PVT LTD	NEFT INB: CNABJDRHO4                              TRANSFER TO 3197944044306 / Andavar Marketing PVT LTD	99922	12,326.00	 	11,26,182.62
2 Mar 2021	2 Mar 2021	   TO TRANSFER-INB NEFT UTR NO: SBIN521061935152--International Sales Corporation	NEFT INB: CNABJDRJL8                              TRANSFER TO 3197944044306 / International Sales Corporation	99922	2,360.00	 	11,23,822.62
2 Mar 2021	2 Mar 2021	   TO TRANSFER-INB NEFT UTR NO: SBIN521061940862--TRISHLA AGENCIES	NEFT INB: CNABJDRLN1                              TRANSFER TO 3197944044306 / TRISHLA AGENCIES	99922	3,076.00	 	11,20,746.62
2 Mar 2021	2 Mar 2021	   TO TRANSFER-INB NEFT UTR NO: SBIN521061942114--AJANTHA BATHROOM PRODUCTS AND PIPES	NEFT INB: CNABJDRMU4                              TRANSFER TO 3197944044306 / AJANTHA BATHROOM PRODUCTS AND PIPES	99922	15,803.00	 	11,04,943.62
2 Mar 2021	2 Mar 2021	   TO TRANSFER-INB Advance payment to Dealer--	CTM8700044               TRANSFER TO 57002369188                           NELLAI CERAMIC CENTRE / 	99922	13,530.00	 	10,91,413.62
2 Mar 2021	2 Mar 2021	   TO TRANSFER-INB NEFT UTR NO: SBIN521061946130--NOBEL TILES WORLD	NEFT INB: CNABJDRPG0                              TRANSFER TO 3197944044306 / NOBEL TILES WORLD	99922	12,000.00	 	10,79,413.62
2 Mar 2021	2 Mar 2021	   TO TRANSFER-INB NEFT UTR NO: SBIN521061945977--FRIENDLY SERVICES	NEFT INB: CNABJDRRG6                              TRANSFER TO 3197944044306 / FRIENDLY SERVICES	99922	4,971.00	 	10,74,442.62
2 Mar 2021	2 Mar 2021	   TO TRANSFER-INB NEFT UTR NO: SBIN521061948517--Shri Krishna Enterprises	NEFT INB: CNABJDRRV7                              TRANSFER TO 3197944044306 / Shri Krishna Enterprises	99922	8,791.00	 	10,65,651.62
2 Mar 2021	2 Mar 2021	   TO TRANSFER-INB NEFT UTR NO: SBIN521061950394--GUPTA SALES CORPORATION	NEFT INB: CNABJDRTX6                              TRANSFER TO 3197944044306 / GUPTA SALES CORPORATION	99922	2,889.00	 	10,62,762.62
3 Mar 2021	3 Mar 2021	   TO TRANSFER-INB NEFT UTR NO: SBIN121062716549--D S Associates	NEFT INB: CNABJEIPI5                              TRANSFER TO 3197944044306 / D S Associates	99922	16,397.00	 	10,46,365.62
3 Mar 2021	3 Mar 2021	   TO TRANSFER-INB NEFT UTR NO: SBIN121062716378--D S Associates	NEFT INB: CNABJEIQG2                              TRANSFER TO 3197944044306 / D S Associates	99922	15,302.00	 	10,31,063.62
3 Mar 2021	3 Mar 2021	   TO TRANSFER-INB NEFT UTR NO: SBIN121062719659--Madhup Distributors	NEFT INB: CNABJEIRP3                              TRANSFER TO 3197944044306 / Madhup Distributors	99922	10,000.00	 	10,21,063.62
3 Mar 2021	3 Mar 2021	   TO TRANSFER-INB NEFT UTR NO: SBIN121062720302--SHYAMS ENTERPRISES	NEFT INB: CNABJEISU7                              TRANSFER TO 3197944044306 / SHYAMS ENTERPRISES	99922	8,165.00	 	10,12,898.62
3 Mar 2021	3 Mar 2021	   TO TRANSFER-INB NEFT UTR NO: SBIN121062722110--MANGALAM SANITARY	NEFT INB: CNABJEIUB2                              TRANSFER TO 3197944044306 / MANGALAM SANITARY	99922	11,299.00	 	10,01,599.62
3 Mar 2021	3 Mar 2021	   TO TRANSFER-INB NEFT UTR NO: SBIN121062723049--Lakshmi Hayagrivaa Maarketing	NEFT INB: CNABJEIVC9                              TRANSFER TO 3197944044306 / Lakshmi Hayagrivaa Maarketing	99922	5,000.00	 	9,96,599.62
3 Mar 2021	3 Mar 2021	   TO TRANSFER-INB NEFT UTR NO: SBIN121062725263--ARUNKUMAR MANOHARAN	NEFT INB: CNABJEIXY9                              TRANSFER TO 3197944044306 / ARUNKUMAR MANOHARAN	99922	6,000.00	 	9,90,599.62
3 Mar 2021	3 Mar 2021	   TO TRANSFER-INB NEFT UTR NO: SBIN121062726073--ARUNKUMAR MANOHARAN	NEFT INB: CNABJEIYW3                              TRANSFER TO 3197944044306 / ARUNKUMAR MANOHARAN	99922	6,000.00	 	9,84,599.62
3 Mar 2021	3 Mar 2021	   BULK POSTING-CR_TAMILNADU SANITARY STO             05549442  02--	 / 	16899	 	3,800.29	9,88,399.91
3 Mar 2021	3 Mar 2021	   CASH DEPOSIT-CASH DEPOSIT SELF--	 / 	40236	 	21,500.00	10,09,899.91
3 Mar 2021	3 Mar 2021	BY CLEARING / CHEQUE-ANB   BY CLEARING CHQ 000057 MICR 600011008--57	 / 57	10395	 	6,480.00	10,16,379.91
3 Mar 2021	3 Mar 2021	   BY TRANSFER-UPI/CR/106220139872/ASIF SUL/HDFC/sultan.asi/Sulta--	TRANSFER FROM 4899345162096 / 	40236	 	5,340.00	10,21,719.91
4 Mar 2021	4 Mar 2021	   CSH DEP (CDM)-9092052786--	 / 	4292	 	17,000.00	10,38,719.91
4 Mar 2021	4 Mar 2021	   BULK POSTING-CR_TAMILNADU SANITARY STO             05549442  03--	 / 	16899	 	1,762.92	10,40,482.83
4 Mar 2021	4 Mar 2021	BY CLEARING / CHEQUE-IOB   BY CLEARING CHQ 639355 MICR 600020016--639355	 / 639355	10395	 	7,000.00	10,47,482.83
4 Mar 2021	4 Mar 2021	   CSH DEP (CDM)-9092052786--	 / 	4292	 	15,000.00	10,62,482.83
5 Mar 2021	5 Mar 2021	TO CLEARING-CIT   NEW INDIA ASSURANCE CHEN--555431	 / 555431	10395	1,321.00	 	10,61,161.83
5 Mar 2021	5 Mar 2021	TO CLEARING-IOB   JUMMA MASJID--116725	 / 116725	10395	14,550.00	 	10,46,611.83
5 Mar 2021	5 Mar 2021	   CSH DEP (CDM)-9092052786--	 / 	4292	 	10,000.00	10,56,611.83
5 Mar 2021	5 Mar 2021	   BY TRANSFER-UPI/CR/106464531454/PADMINI /SBIN/9444415022/NA--	TRANSFER FROM 5099115162093 / 	40236	 	65,000.00	11,21,611.83
5 Mar 2021	5 Mar 2021	   BULK POSTING-CR_TAMILNADU SANITARY STO             05549442  04--	 / 	16899	 	1,742.62	11,23,354.45
5 Mar 2021	5 Mar 2021	   BULK POSTING-CR_TAMILNADU SANITARY STO             05548442  04--	 / 	16899	 	3,815.98	11,27,170.43
6 Mar 2021	6 Mar 2021	   TO TRANSFER-INB NEFT UTR NO: SBIN521065423419--Mylapore Gardens Residents Associat	NEFT INB: CNABJHXJS6                              TRANSFER TO 3197944044306 / Mylapore Gardens Residents Associat	99922	4,000.00	 	11,23,170.43
6 Mar 2021	6 Mar 2021	   TO TRANSFER-INB Payment towards Invoice/Bill--	CTM9308947               TRANSFER TO 32950808735                           Mr. KASI  R / 	99922	17,000.00	 	11,06,170.43
6 Mar 2021	6 Mar 2021	   TO TRANSFER-INB Salary Payment--	CTM9309102               TRANSFER TO 31054735034                           Mr. NOUSHAD  ABDUL SAL / 	99922	14,500.00	 	10,91,670.43
6 Mar 2021	6 Mar 2021	   TO TRANSFER-INB NEFT UTR NO: SBIN521065425347--Andavar Marketing PVT LTD	NEFT INB: CNABJHXNT6                              TRANSFER TO 3197944044306 / Andavar Marketing PVT LTD	99922	6,845.00	 	10,84,825.43
6 Mar 2021	6 Mar 2021	   TO TRANSFER-INB NEFT UTR NO: SBIN521065427296--AJANTHA BATHROOM PRODUCTS AND PIPES	NEFT INB: CNABJHXOZ2                              TRANSFER TO 3197944044306 / AJANTHA BATHROOM PRODUCTS AND PIPES	99922	23,385.00	 	10,61,440.43
6 Mar 2021	6 Mar 2021	   TO TRANSFER-INB NEFT UTR NO: SBIN521065428820--NOBEL TILES WORLD	NEFT INB: CNABJHXRG8                              TRANSFER TO 3197944044306 / NOBEL TILES WORLD	99922	12,190.00	 	10,49,250.43
6 Mar 2021	6 Mar 2021	   TO TRANSFER-INB NEFT UTR NO: SBIN521065431827--K M CERAMICS	NEFT INB: CNABJHXTQ9                              TRANSFER TO 3197944044306 / K M CERAMICS	99922	10,000.00	 	10,39,250.43
6 Mar 2021	6 Mar 2021	   BULK POSTING-CR_TAMILNADU SANITARY STO             05548442  05--	 / 	16899	 	3,086.87	10,42,337.30
6 Mar 2021	6 Mar 2021	   BULK POSTING-CR_TAMILNADU SANITARY STO             05549442  05--	 / 	16899	 	1,354.56	10,43,691.86
6 Mar 2021	6 Mar 2021	   CSH DEP (CDM)-9092052786--	 / 	4292	 	13,000.00	10,56,691.86
6 Mar 2021	6 Mar 2021	   BY TRANSFER-NEFT*IOBA0001046*IOBAN21065467288*CHEMPLAST SANMAR--	TRANSFER FROM 3199966044306 / 	4430	 	1,850.00	10,58,541.86
7 Mar 2021	7 Mar 2021	   TO TRANSFER-INB NEFT UTR NO: SBIN121066424767--D S Associates	NEFT INB: CNABJIYAN0                              TRANSFER TO 3197944044306 / D S Associates	99922	20,000.00	 	10,38,541.86
7 Mar 2021	7 Mar 2021	   TO TRANSFER-INB NEFT UTR NO: SBIN121066425655--SHYAMS ENTERPRISES	NEFT INB: CNABJIYBV3                              TRANSFER TO 3197944044306 / SHYAMS ENTERPRISES	99922	7,958.00	 	10,30,583.86
7 Mar 2021	7 Mar 2021	   TO TRANSFER-INB NEFT UTR NO: SBIN121066426913--MANGALAM SANITARY	NEFT INB: CNABJIYCH8                              TRANSFER TO 3197944044306 / MANGALAM SANITARY	99922	14,197.00	 	10,16,386.86
7 Mar 2021	7 Mar 2021	   TO TRANSFER-INB NEFT UTR NO: SBIN121066427405--SHRI Venkateswar Agency	NEFT INB: CNABJIYCJ7                              TRANSFER TO 3197944044306 / SHRI Venkateswar Agency	99922	8,484.00	 	10,07,902.86
7 Mar 2021	7 Mar 2021	   BULK POSTING-CR_TAMILNADU SANITARY STO             05549442  06--	 / 	16899	 	8,678.64	10,16,581.50
8 Mar 2021	8 Mar 2021	TO CLEARING-HDF   NATIONALCERAMICCENTRE--116724	 / 116724	10395	5,820.00	 	10,10,761.50
8 Mar 2021	8 Mar 2021	   BULK POSTING-CR_TAMILNADU SANITARY STO             05549442  07--	 / 	16899	 	6,192.65	10,16,954.15
8 Mar 2021	8 Mar 2021	   CASH DEPOSIT-CASH DEPOSIT SELF--	 / 	40236	 	14,000.00	10,30,954.15
9 Mar 2021	9 Mar 2021	   TO TRANSFER-INB NEFT UTR NO: SBIN221068937311--SUPER TRADING CORPORATION	NEFT INB: CNABJKPZG5                              TRANSFER TO 3197944044306 / SUPER TRADING CORPORATION	99922	10,000.00	 	10,20,954.15
9 Mar 2021	9 Mar 2021	   TO TRANSFER-INB NEFT UTR NO: SBIN221068938385--Andavar Marketing PVT LTD	NEFT INB: CNABJKPZQ3                              TRANSFER TO 3197944044306 / Andavar Marketing PVT LTD	99922	20,261.00	 	10,00,693.15
9 Mar 2021	9 Mar 2021	   TO TRANSFER-INB NEFT UTR NO: SBIN221068938787--Andavar Marketing PVT LTD	NEFT INB: CNABJKQBL1                              TRANSFER TO 3197944044306 / Andavar Marketing PVT LTD	99922	4,635.00	 	9,96,058.15
9 Mar 2021	9 Mar 2021	   TO TRANSFER-INB NEFT UTR NO: SBIN221068940372--Andavar Marketing PVT LTD	NEFT INB: CNABJKQBV5                              TRANSFER TO 3197944044306 / Andavar Marketing PVT LTD	99922	17,296.00	 	9,78,762.15
9 Mar 2021	9 Mar 2021	   TO TRANSFER-INB NEFT UTR NO: SBIN221068942024--K M CERAMICS	NEFT INB: CNABJKQGR8                              TRANSFER TO 3197944044306 / K M CERAMICS	99922	14,000.00	 	9,64,762.15
9 Mar 2021	9 Mar 2021	   TO TRANSFER-INB Payment towards Invoice/Bill--	CTM9687663               TRANSFER TO 32423647359                           ARAVIND CERAMICS PRIVA / 	99922	15,820.00	 	9,48,942.15
9 Mar 2021	9 Mar 2021	   TO TRANSFER-INB NEFT UTR NO: SBIN221068944639--Sattar Sanitary Stores	NEFT INB: CNABJKQIQ6                              TRANSFER TO 3197944044306 / Sattar Sanitary Stores	99922	11,611.00	 	9,37,331.15
9 Mar 2021	9 Mar 2021	   TO TRANSFER-INB NEFT UTR NO: SBIN221068944364--D S Associates	NEFT INB: CNABJKQLI1                              TRANSFER TO 3197944044306 / D S Associates	99922	16,000.00	 	9,21,331.15
9 Mar 2021	9 Mar 2021	   TO TRANSFER-INB NEFT UTR NO: SBIN221068946266--D S Associates	NEFT INB: CNABJKQKY3                              TRANSFER TO 3197944044306 / D S Associates	99922	6,669.00	 	9,14,662.15
9 Mar 2021	9 Mar 2021	   BULK POSTING-CR_TAMILNADU SANITARY STO             05548442  08--	 / 	16899	 	47,139.78	9,61,801.93
9 Mar 2021	9 Mar 2021	   BULK POSTING-CR_TAMILNADU SANITARY STO             05549442  08--	 / 	16899	 	274.12	9,62,076.05
9 Mar 2021	9 Mar 2021	   CASH DEPOSIT-CASH DEPOSIT SELF--	 / 	40236	 	11,000.00	9,73,076.05
10 Mar 2021	10 Mar 2021	   BY TRANSFER-UPI/CR/106910282564/SEKAR SH/ICIC/sekhar.ks-/wash--	TRANSFER FROM 5098427162095 / 	40236	 	4,500.00	9,77,576.05
10 Mar 2021	10 Mar 2021	   BULK POSTING-CR_TAMILNADU SANITARY STO             05549442  09--	 / 	16899	 	12,803.64	9,90,379.69
10 Mar 2021	10 Mar 2021	   BULK POSTING-CR_TAMILNADU SANITARY STO             05548442  09--	 / 	16899	 	10,000.00	10,00,379.69
10 Mar 2021	10 Mar 2021	   CASH DEPOSIT-CASH DEPOSIT SELF--	 / 	40236	 	12,500.00	10,12,879.69
10 Mar 2021	10 Mar 2021	   TO TRANSFER-INB NEFT UTR NO: SBIN521069292077--Parmeeth Distributors	NEFT INB: CNABJMZEM4                              TRANSFER TO 3197944044306 / Parmeeth Distributors	99922	1,898.00	 	10,10,981.69
10 Mar 2021	10 Mar 2021	   TO TRANSFER-INB NEFT UTR NO: SBIN521069296919--D S Associates	NEFT INB: CNABJMZEK9                              TRANSFER TO 3197944044306 / D S Associates	99922	10,471.00	 	10,00,510.69
10 Mar 2021	10 Mar 2021	   TO TRANSFER-INB NEFT UTR NO: SBIN521069300723--Sattar Sanitary Stores	NEFT INB: CNABJMZGW6                              TRANSFER TO 3197944044306 / Sattar Sanitary Stores	99922	5,409.00	 	9,95,101.69
10 Mar 2021	10 Mar 2021	   TO TRANSFER-INB NEFT UTR NO: SBIN521069302832--VALLI STEEL INDUSTRIES PVT LTD	NEFT INB: CNABJMZGP1                              TRANSFER TO 3197944044306 / VALLI STEEL INDUSTRIES PVT LTD	99922	5,268.00	 	9,89,833.69
10 Mar 2021	10 Mar 2021	   TO TRANSFER-INB NEFT UTR NO: SBIN521069308699--SRI SENI Enterprises	NEFT INB: CNABJMZIT3                              TRANSFER TO 3197944044306 / SRI SENI Enterprises	99922	15,771.00	 	9,74,062.69
10 Mar 2021	10 Mar 2021	   TO TRANSFER-INB NEFT UTR NO: SBIN521069314462--Shabbir Sanitary Stores	NEFT INB: CNABJMZKZ6                              TRANSFER TO 3197944044306 / Shabbir Sanitary Stores	99922	11,576.00	 	9,62,486.69
11 Mar 2021	11 Mar 2021	   BULK POSTING-CR_TAMILNADU SANITARY STO             05548442  10--	 / 	16899	 	20,635.65	9,83,122.34
11 Mar 2021	11 Mar 2021	   BULK POSTING-CR_TAMILNADU SANITARY STO             05549442  10--	 / 	16899	 	675.51	9,83,797.85
11 Mar 2021	11 Mar 2021	   CASH DEPOSIT-CASH DEPOSIT SELF--	 / 	40236	 	18,000.00	10,01,797.85
11 Mar 2021	11 Mar 2021	CHEQUE DEPOSIT- TO TAMILNADU SANITARY STORES--580503	TRANSFER TO 32173544810                           Mrs. ARUNDHATI  MENON / 580503	40236	 	4,850.00	10,06,647.85
11 Mar 2021	11 Mar 2021	   TO TRANSFER-INB ICICI_CC Payments--	VSBI9823269627CHG0768078               TRANSFER TO 3199606162092 / 	99922	4,552.00	 	10,02,095.85
12 Mar 2021	12 Mar 2021	TO CLEARING-HDF   NATIONALCERAMICCENTRE--555432	 / 555432	10395	4,130.00	 	9,97,965.85
12 Mar 2021	12 Mar 2021	   BULK POSTING-CR_TAMILNADU SANITARY STO             05549442  11--	 / 	16899	 	8,659.96	10,06,625.81
12 Mar 2021	12 Mar 2021	   TO TRANSFER-INB NEFT UTR NO: SBIN121071935738--Andavar Marketing PVT LTD	NEFT INB: CNABJOYTU0                              TRANSFER TO 3197944044306 / Andavar Marketing PVT LTD	99922	19,569.00	 	9,87,056.81
12 Mar 2021	12 Mar 2021	   TO TRANSFER-INB NEFT UTR NO: SBIN121071938736--NOBEL TILES WORLD	NEFT INB: CNABJOYVE9                              TRANSFER TO 3197944044306 / NOBEL TILES WORLD	99922	18,680.00	 	9,68,376.81
12 Mar 2021	12 Mar 2021	   TO TRANSFER-INB NEFT UTR NO: SBIN121071941355--G Shanmugam Traders	NEFT INB: CNABJOYXE8                              TRANSFER TO 3197944044306 / G Shanmugam Traders	99922	14,115.00	 	9,54,261.81
12 Mar 2021	12 Mar 2021	   TO TRANSFER-INB NEFT UTR NO: SBIN121071949761--NOVELTY	NEFT INB: CNABJOZBA0                              TRANSFER TO 3197944044306 / NOVELTY	99922	11,706.00	 	9,42,555.81
12 Mar 2021	12 Mar 2021	   TO TRANSFER-INB Payment towards Invoice/Bill--	CTN0276834               TRANSFER TO 57002369188                           NELLAI CERAMIC CENTRE / 	99922	5,345.00	 	9,37,210.81
12 Mar 2021	12 Mar 2021	   TO TRANSFER-INB NEFT UTR NO: SBIN121071954701--TRISHLA AGENCIES	NEFT INB: CNABJOZDD6                              TRANSFER TO 3197944044306 / TRISHLA AGENCIES	99922	6,934.00	 	9,30,276.81
12 Mar 2021	12 Mar 2021	   TO TRANSFER-INB NEFT UTR NO: SBIN121071959515--TRISHLA AGENCIES	NEFT INB: CNABJOZFC8                              TRANSFER TO 3197944044306 / TRISHLA AGENCIES	99922	5,473.00	 	9,24,803.81
12 Mar 2021	12 Mar 2021	   A/C Keeping Chgs---	 / 	99999	649.00	 	9,24,154.81
13 Mar 2021	13 Mar 2021	   CSH DEP (CDM)-9092052786--	 / 	4292	 	14,500.00	9,38,654.81
13 Mar 2021	13 Mar 2021	   TO TRANSFER-INB NEFT UTR NO: SBIN221072247639--LEGEND	NEFT INB: CNABJPHQC9                              TRANSFER TO 3197944044306 / LEGEND	99922	1,627.00	 	9,37,027.81
13 Mar 2021	13 Mar 2021	   TO TRANSFER-INB NEFT UTR NO: SBIN221072247220--AJANTHA BATHROOM PRODUCTS AND PIPES	NEFT INB: CNABJPHPQ5                              TRANSFER TO 3197944044306 / AJANTHA BATHROOM PRODUCTS AND PIPES	99922	20,461.00	 	9,16,566.81
13 Mar 2021	13 Mar 2021	   TO TRANSFER-INB NEFT UTR NO: SBIN221072247953--ENFIELD TILES	NEFT INB: CNABJPHRE9                              TRANSFER TO 3197944044306 / ENFIELD TILES	99922	2,542.00	 	9,14,024.81
13 Mar 2021	13 Mar 2021	   TO TRANSFER-INB NEFT UTR NO: SBIN221072248165--Madhup Distributors	NEFT INB: CNABJPHQS8                              TRANSFER TO 3197944044306 / Madhup Distributors	99922	5,314.00	 	9,08,710.81
13 Mar 2021	13 Mar 2021	   TO TRANSFER-INB NEFT UTR NO: SBIN221072250032--SRI SENI Enterprises	NEFT INB: CNABJPHSH5                              TRANSFER TO 3197944044306 / SRI SENI Enterprises	99922	15,825.00	 	8,92,885.81
13 Mar 2021	13 Mar 2021	   TO TRANSFER-INB NEFT UTR NO: SBIN221072250184--Elac Marketing Pvt Ltd	NEFT INB: CNABJPHVL3                              TRANSFER TO 3197944044306 / Elac Marketing Pvt Ltd	99922	9,000.00	 	8,83,885.81
13 Mar 2021	13 Mar 2021	   TO TRANSFER-INB NEFT UTR NO: SBIN221072250438--Sattar Sanitary Stores	NEFT INB: CNABJPHUJ3                              TRANSFER TO 3197944044306 / Sattar Sanitary Stores	99922	16,009.00	 	8,67,876.81
13 Mar 2021	13 Mar 2021	   TO TRANSFER-INB NEFT UTR NO: SBIN221072251292--D S Associates	NEFT INB: CNABJPHVH7                              TRANSFER TO 3197944044306 / D S Associates	99922	29,021.00	 	8,38,855.81
13 Mar 2021	13 Mar 2021	   BY TRANSFER-UPI/CR/107210347432/SEKAR SH/ICIC/sekhar.ks-/wash--	TRANSFER FROM 5098700162093 / 	40236	 	1,220.00	8,40,075.81
13 Mar 2021	13 Mar 2021	   BULK POSTING-CR_TAMILNADU SANITARY STO             05548442  12--	 / 	16899	 	1,050.00	8,41,125.81
13 Mar 2021	13 Mar 2021	   CSH DEP (CDM)-9092052786--	 / 	4292	 	5,000.00	8,46,125.81
13 Mar 2021	13 Mar 2021	   BY TRANSFER-UPI/CR/107218483348/SEKAR SH/ICIC/sekhar.ks-/hardw--	TRANSFER FROM 5098674162092 / 	40236	 	1,340.00	8,47,465.81
14 Mar 2021	14 Mar 2021	   BULK POSTING-CR_TAMILNADU SANITARY STO             05549442  13--	 / 	16899	 	3,326.64	8,50,792.45
14 Mar 2021	14 Mar 2021	   BULK POSTING-CR_TAMILNADU SANITARY STO             05548442  13--	 / 	16899	 	3,245.39	8,54,037.84
15 Mar 2021	15 Mar 2021	BY CLEARING / CHEQUE-BOB   BY CLEARING CHQ 000411 MICR 600012072--411	 / 411	10395	 	28,600.00	8,82,637.84
15 Mar 2021	15 Mar 2021	   BY TRANSFER-UPI/CR/107430672570/PADMINI /HDFC/9444415022/NA--	TRANSFER FROM 4897700162097 / 	40236	 	2,380.00	8,85,017.84
16 Mar 2021	16 Mar 2021	TO CLEARING-HDF   NATIONALCERAMICCENTRE--555433	 / 555433	10395	8,100.00	 	8,76,917.84
16 Mar 2021	16 Mar 2021	   BULK POSTING-CR_TAMILNADU SANITARY STO             05548442  15--	 / 	16899	 	17,328.60	8,94,246.44
16 Mar 2021	16 Mar 2021	   BULK POSTING-CR_TAMILNADU SANITARY STO             05549442  15--	 / 	16899	 	2,473.45	8,96,719.89
16 Mar 2021	15 Mar 2021	   OUT-CHQ RETURN-84Other reasons-connectivity failure correctagainr--	 / 	10395	28,600.00	 	8,68,119.89
16 Mar 2021	16 Mar 2021	   BY TRANSFER-NEFT*KKBK0000958*KKBKH21075773592*ISMAT AGENCIES*P--	TRANSFER FROM 3199683044306 / 	4430	 	1,620.00	8,69,739.89
17 Mar 2021	17 Mar 2021	   TO TRANSFER-INB--	12525756921CHG1300236               TRANSFER TO 4599563162094 / 	99922	1,296.82	 	8,68,443.07
17 Mar 2021	17 Mar 2021	   TO TRANSFER-INB--	110111629400CHG1300770               TRANSFER TO 4599229162096 / 	99922	727.97	 	8,67,715.10
17 Mar 2021	17 Mar 2021	CHEQUE WDL- TO GOLDEN HARDWARE CENTRE--555434	TRANSFER FROM 32818937606                         GOLDEN HARDWARE CENTRE / 555434	40236	1,368.00	 	8,66,347.10
17 Mar 2021	17 Mar 2021	CHEQUE DEPOSIT- TO TAMILNADU SANITARY STORES--898509	TRANSFER TO 35250011358                           CHENDUR MURUGAN ENTERP / 898509	40236	 	36,030.00	9,02,377.10
17 Mar 2021	17 Mar 2021	   BY TRANSFER-NEFT*ICIC0SF0002*69853235*SANGEETHA B*NEFT//Mani p--	TRANSFER FROM 3199414044305 / 	4430	 	15,200.00	9,17,577.10
17 Mar 2021	17 Mar 2021	   CASH DEPOSIT-CASH DEPOSIT SELF--	 / 	40236	 	1,05,500.00	10,23,077.10
17 Mar 2021	17 Mar 2021	   BULK POSTING-CR_TAMILNADU SANITARY STO             05549442  16--	 / 	16899	 	22,582.22	10,45,659.32
17 Mar 2021	17 Mar 2021	   BULK POSTING-CR_TAMILNADU SANITARY STO             05548442  16--	 / 	16899	 	3,588.81	10,49,248.13
17 Mar 2021	17 Mar 2021	   BY TRANSFER-NEFT*UBIN0549622*000241174686*WELLCOME FISHERIES L--	TRANSFER FROM 3199958044305 / 	4430	 	4,300.00	10,53,548.13
18 Mar 2021	18 Mar 2021	TO CLEARING-IOB   NEW ROYAL ELECTRICALS--555435	 / 555435	10395	2,509.00	 	10,51,039.13
18 Mar 2021	18 Mar 2021	   CSH DEP (CDM)-9092052786--	 / 	4292	 	32,000.00	10,83,039.13
18 Mar 2021	18 Mar 2021	   TO TRANSFER-INB NEFT UTR NO: SBIN521077263176--Andavar Marketing PVT LTD	NEFT INB: CNABJTJAM8                              TRANSFER TO 3197944044306 / Andavar Marketing PVT LTD	99922	9,751.00	 	10,73,288.13
18 Mar 2021	18 Mar 2021	   TO TRANSFER-INB NEFT UTR NO: SBIN521077265507--Andavar Marketing PVT LTD	NEFT INB: CNABJTJCG3                              TRANSFER TO 3197944044306 / Andavar Marketing PVT LTD	99922	21,626.00	 	10,51,662.13
18 Mar 2021	18 Mar 2021	   TO TRANSFER-INB NEFT UTR NO: SBIN521077265685--Andavar Marketing PVT LTD	NEFT INB: CNABJTJDZ6                              TRANSFER TO 3197944044306 / Andavar Marketing PVT LTD	99922	21,775.00	 	10,29,887.13
18 Mar 2021	18 Mar 2021	   TO TRANSFER-INB NEFT UTR NO: SBIN521077266731--A S TRADERS	NEFT INB: CNABJTJDU8                              TRANSFER TO 3197944044306 / A S TRADERS	99922	3,965.00	 	10,25,922.13
18 Mar 2021	18 Mar 2021	   TO TRANSFER-INB Payment towards Invoice/Bill--	CTN0881893               TRANSFER TO 32423647359                           ARAVIND CERAMICS PRIVA / 	99922	3,390.00	 	10,22,532.13
18 Mar 2021	18 Mar 2021	   TO TRANSFER-INB NEFT UTR NO: SBIN521077267474--AJANTHA BATHROOM PRODUCTS AND PIPES	NEFT INB: CNABJTJFZ5                              TRANSFER TO 3197944044306 / AJANTHA BATHROOM PRODUCTS AND PIPES	99922	16,567.00	 	10,05,965.13
18 Mar 2021	18 Mar 2021	   TO TRANSFER-INB NEFT UTR NO: SBIN521077269525--Shri Krishna Enterprises	NEFT INB: CNABJTJGQ7                              TRANSFER TO 3197944044306 / Shri Krishna Enterprises	99922	13,405.00	 	9,92,560.13
18 Mar 2021	18 Mar 2021	   TO TRANSFER-INB NEFT UTR NO: SBIN521077270131--K M CERAMICS	NEFT INB: CNABJTJGX1                              TRANSFER TO 3197944044306 / K M CERAMICS	99922	760.00	 	9,91,800.13
18 Mar 2021	18 Mar 2021	   TO TRANSFER-INB NEFT UTR NO: SBIN521077270991--K M CERAMICS	NEFT INB: CNABJTJIR5                              TRANSFER TO 3197944044306 / K M CERAMICS	99922	25,000.00	 	9,66,800.13
18 Mar 2021	18 Mar 2021	   BULK POSTING-CR_TAMILNADU SANITARY STO             05549442  17--	 / 	16899	 	6,442.48	9,73,242.61
18 Mar 2021	18 Mar 2021	BY CLEARING / CHEQUE-BOB   BY CLEARING CHQ 000411 MICR 600012072--411	 / 411	10395	 	28,600.00	10,01,842.61
18 Mar 2021	18 Mar 2021	BY CLEARING / CHEQUE-KOT   BY CLEARING CHQ 000678 MICR 600485017--678	 / 678	10395	 	2,400.00	10,04,242.61
18 Mar 2021	18 Mar 2021	BY CLEARING / CHEQUE-SIB   BY CLEARING CHQ 031895 MICR 600059005--31895	 / 31895	10395	 	1,000.00	10,05,242.61
19 Mar 2021	19 Mar 2021	   TO TRANSFER-INB NEFT UTR NO: SBIN121078380205--GUPTA SALES CORPORATION	NEFT INB: CNABJUMWD5                              TRANSFER TO 3197944044306 / GUPTA SALES CORPORATION	99922	7,702.00	 	9,97,540.61
19 Mar 2021	19 Mar 2021	   TO TRANSFER-INB NEFT UTR NO: SBIN121078381114--MANGALAM SANITARY	NEFT INB: CNABJUMYB1                              TRANSFER TO 3197944044306 / MANGALAM SANITARY	99922	14,458.00	 	9,83,082.61
19 Mar 2021	19 Mar 2021	   TO TRANSFER-INB NEFT UTR NO: SBIN121078380930--SRI SENI Enterprises	NEFT INB: CNABJUMXQ8                              TRANSFER TO 3197944044306 / SRI SENI Enterprises	99922	23,169.00	 	9,59,913.61
19 Mar 2021	19 Mar 2021	   TO TRANSFER-INB NEFT UTR NO: SBIN121078382401--SHYAMS ENTERPRISES	NEFT INB: CNABJUMYW8                              TRANSFER TO 3197944044306 / SHYAMS ENTERPRISES	99922	6,886.00	 	9,53,027.61
19 Mar 2021	19 Mar 2021	   TO TRANSFER-INB NEFT UTR NO: SBIN121078382746--Sri Kesava Traders	NEFT INB: CNABJUMZD0                              TRANSFER TO 3197944044306 / Sri Kesava Traders	99922	3,090.00	 	9,49,937.61
19 Mar 2021	19 Mar 2021	   TO TRANSFER-INB NEFT UTR NO: SBIN121078384019--PROVIDENT MARKETING	NEFT INB: CNABJUNAS2                              TRANSFER TO 3197944044306 / PROVIDENT MARKETING	99922	7,498.00	 	9,42,439.61
19 Mar 2021	19 Mar 2021	   TO TRANSFER-INB NEFT UTR NO: SBIN121078385466--VALLI STEEL INDUSTRIES PVT LTD	NEFT INB: CNABJUNDZ6                              TRANSFER TO 3197944044306 / VALLI STEEL INDUSTRIES PVT LTD	99922	10,535.00	 	9,31,904.61
19 Mar 2021	19 Mar 2021	   TO TRANSFER-INB NEFT UTR NO: SBIN121078388639--Sattar Sanitary Stores	NEFT INB: CNABJUNGN4                              TRANSFER TO 3197944044306 / Sattar Sanitary Stores	99922	22,458.00	 	9,09,446.61
19 Mar 2021	19 Mar 2021	   TO TRANSFER-INB NEFT UTR NO: SBIN121078388944--D S Associates	NEFT INB: CNABJUNHF4                              TRANSFER TO 3197944044306 / D S Associates	99922	20,220.00	 	8,89,226.61
19 Mar 2021	19 Mar 2021	   BULK POSTING-CR_TAMILNADU SANITARY STO             05549442  18--	 / 	16899	 	17,856.00	9,07,082.61
19 Mar 2021	19 Mar 2021	   BULK POSTING-CR_TAMILNADU SANITARY STO             05548442  18--	 / 	16899	 	26,682.02	9,33,764.63
19 Mar 2021	19 Mar 2021	   TO TRANSFER-INB--	21033300270669CKP9041433               TRANSFER TO 36959656411                           POOLING ACCOUNT GST-MM / 	99922	29,474.00	 	9,04,290.63
20 Mar 2021	20 Mar 2021	   CSH DEP (CDM)-9092052786--	 / 	4292	 	33,000.00	9,37,290.63
20 Mar 2021	20 Mar 2021	   BULK POSTING-CR_TAMILNADU SANITARY STO             05549442  19--	 / 	16899	 	5,500.00	9,42,790.63
20 Mar 2021	20 Mar 2021	   BY TRANSFER-SBILT20032021122600298158-Gopalapuram Ac--	TRANSFER FROM 20177935104                         Mr. AUTHITHAN  M / 	16559	 	5,650.00	9,48,440.63
20 Mar 2021	20 Mar 2021	   CSH DEP (CDM)-9092052786--	 / 	4292	 	16,000.00	9,64,440.63
20 Mar 2021	20 Mar 2021	   CASH DEPOSIT-CASH DEPOSIT SELF--	 / 	40236	 	3,000.00	9,67,440.63
21 Mar 2021	21 Mar 2021	   TO TRANSFER-INB NEFT UTR NO: SBIN321080503612--Andavar Marketing PVT LTD	NEFT INB: CNABJWPLH3                              TRANSFER TO 3197944044306 / Andavar Marketing PVT LTD	99922	18,111.00	 	9,49,329.63
21 Mar 2021	21 Mar 2021	   TO TRANSFER-INB NEFT UTR NO: SBIN321080503675--Andavar Marketing PVT LTD	NEFT INB: CNABJWPMZ3                              TRANSFER TO 3197944044306 / Andavar Marketing PVT LTD	99922	30,347.00	 	9,18,982.63
21 Mar 2021	21 Mar 2021	   TO TRANSFER-INB NEFT UTR NO: SBIN321080504006--Galaxy Sales Trading Corporation	NEFT INB: CNABJWPMB2                              TRANSFER TO 3197944044306 / Galaxy Sales Trading Corporation	99922	4,085.00	 	9,14,897.63
21 Mar 2021	21 Mar 2021	   TO TRANSFER-INB NEFT UTR NO: SBIN321080503820--Expanded Metal Mart	NEFT INB: CNABJWPNE5                              TRANSFER TO 3197944044306 / Expanded Metal Mart	99922	10,000.00	 	9,04,897.63
21 Mar 2021	21 Mar 2021	   TO TRANSFER-INB NEFT UTR NO: SBIN321080504403--SUPER TRADING CORPORATION	NEFT INB: CNABJWPNY5                              TRANSFER TO 3197944044306 / SUPER TRADING CORPORATION	99922	21,471.00	 	8,83,426.63
21 Mar 2021	21 Mar 2021	   BULK POSTING-CR_TAMILNADU SANITARY STO             05549442  20--	 / 	16899	 	12,169.38	8,95,596.01
21 Mar 2021	21 Mar 2021	   BULK POSTING-CR_TAMILNADU SANITARY STO             05548442  20--	 / 	16899	 	15,330.44	9,10,926.45
22 Mar 2021	22 Mar 2021	   CSH DEP (CDM)-9092052786--	 / 	4292	 	38,000.00	9,48,926.45
22 Mar 2021	22 Mar 2021	   BULK POSTING-CR_TAMILNADU SANITARY STO             05548442  21--	 / 	16899	 	3,091.45	9,52,017.90
22 Mar 2021	22 Mar 2021	BY CLEARING / CHEQUE-CBI   BY CLEARING CHQ 136559 MICR 600016003--136559	 / 136559	10395	 	13,140.00	9,65,157.90
22 Mar 2021	22 Mar 2021	   CSH DEP (CDM)-9092052786--	 / 	4292	 	38,500.00	10,03,657.90
23 Mar 2021	23 Mar 2021	   BULK POSTING-CR_TAMILNADU SANITARY STO             05549442  22--	 / 	16899	 	5,243.71	10,08,901.61
23 Mar 2021	23 Mar 2021	   CASH DEPOSIT-CASH DEPOSIT SELF--	 / 	40236	 	51,000.00	10,59,901.61
23 Mar 2021	23 Mar 2021	   TO TRANSFER-INB NEFT UTR NO: SBIN521082755617--Andavar Marketing PVT LTD	NEFT INB: CNABJYUSW7                              TRANSFER TO 3197944044306 / Andavar Marketing PVT LTD	99922	26,221.00	 	10,33,680.61
23 Mar 2021	23 Mar 2021	   TO TRANSFER-INB NEFT UTR NO: SBIN521082757271--Andavar Marketing PVT LTD	NEFT INB: CNABJYUSN6                              TRANSFER TO 3197944044306 / Andavar Marketing PVT LTD	99922	11,961.00	 	10,21,719.61
23 Mar 2021	23 Mar 2021	   TO TRANSFER-INB NEFT UTR NO: SBIN521082759547--Andavar Marketing PVT LTD	NEFT INB: CNABJYUUO9                              TRANSFER TO 3197944044306 / Andavar Marketing PVT LTD	99922	12,346.00	 	10,09,373.61
23 Mar 2021	23 Mar 2021	   TO TRANSFER-INB NEFT UTR NO: SBIN521082759801--G Shanmugam Traders	NEFT INB: CNABJYUXF6                              TRANSFER TO 3197944044306 / G Shanmugam Traders	99922	12,309.00	 	9,97,064.61
23 Mar 2021	23 Mar 2021	   TO TRANSFER-INB Payment towards Invoice/Bill--	CTN1618136               TRANSFER TO 57002369188                           NELLAI CERAMIC CENTRE / 	99922	1,947.00	 	9,95,117.61
23 Mar 2021	23 Mar 2021	   TO TRANSFER-INB NEFT UTR NO: SBIN521082762819--NOBEL TILES WORLD	NEFT INB: CNABJYUYL1                              TRANSFER TO 3197944044306 / NOBEL TILES WORLD	99922	17,250.00	 	9,77,867.61
23 Mar 2021	23 Mar 2021	   TO TRANSFER-INB Payment towards Invoice/Bill--	CTN1618828               TRANSFER TO 31547097771                           KHUZEMA MAMUWALA & CO / 	99922	2,531.00	 	9,75,336.61
23 Mar 2021	23 Mar 2021	   TO TRANSFER-INB NEFT UTR NO: SBIN521082764446--AJANTHA BATHROOM PRODUCTS AND PIPES	NEFT INB: CNABJYVBV6                              TRANSFER TO 3197944044306 / AJANTHA BATHROOM PRODUCTS AND PIPES	99922	10,153.00	 	9,65,183.61
23 Mar 2021	23 Mar 2021	   TO TRANSFER-INB NEFT UTR NO: SBIN521082768207--K M CERAMICS	NEFT INB: CNABJYVCG4                              TRANSFER TO 3197944044306 / K M CERAMICS	99922	28,000.00	 	9,37,183.61
23 Mar 2021	23 Mar 2021	   TO TRANSFER-INB NEFT UTR NO: SBIN521082770876--K M CERAMICS	NEFT INB: CNABJYVCZ0                              TRANSFER TO 3197944044306 / K M CERAMICS	99922	12,400.00	 	9,24,783.61
24 Mar 2021	24 Mar 2021	   BULK POSTING-CR_TAMILNADU SANITARY STO             05548442  23--	 / 	16899	 	5,890.33	9,30,673.94
24 Mar 2021	24 Mar 2021	   BULK POSTING-CR_TAMILNADU SANITARY STO             05549442  23--	 / 	16899	 	9,201.23	9,39,875.17
24 Mar 2021	24 Mar 2021	   CASH DEPOSIT-CASH DEPOSIT SELF--	 / 	40236	 	33,000.00	9,72,875.17
24 Mar 2021	24 Mar 2021	   BY TRANSFER-INB IMPS108313420385/9445140762/XX6290/Investment--	MAC000690531027          MAC000690531027          TRANSFER FROM 4597941162090 / 	99922	 	5,400.00	9,78,275.17
24 Mar 2021	24 Mar 2021	BY CLEARING / CHEQUE-CBI   600016003-121030 600002332--121030	 / 121030	10395	 	2,330.00	9,80,605.17
24 Mar 2021	24 Mar 2021	BY CLEARING / CHEQUE-IOB   600020016-639358 600002332--639358	 / 639358	10395	 	7,000.00	9,87,605.17
24 Mar 2021	24 Mar 2021	   TO TRANSFER-INB BSNL Payments--	VSBI9857107262CHG1958480               TRANSFER TO 3199597162098 / 	99922	648.00	 	9,86,957.17
24 Mar 2021	24 Mar 2021	   TO TRANSFER-INB NEFT UTR NO: SBIN121083970706--D S Associates	NEFT INB: CNABJZXVR3                              TRANSFER TO 3197944044306 / D S Associates	99922	20,903.00	 	9,66,054.17
24 Mar 2021	24 Mar 2021	   TO TRANSFER-INB NEFT UTR NO: SBIN121083972392--Sattar Sanitary Stores	NEFT INB: CNABJZXWH8                              TRANSFER TO 3197944044306 / Sattar Sanitary Stores	99922	8,752.00	 	9,57,302.17
24 Mar 2021	24 Mar 2021	   TO TRANSFER-INB NEFT UTR NO: SBIN121083974722--SRI SENI Enterprises	NEFT INB: CNABJZXWQ4                              TRANSFER TO 3197944044306 / SRI SENI Enterprises	99922	16,763.00	 	9,40,539.17
24 Mar 2021	24 Mar 2021	   TO TRANSFER-INB NEFT UTR NO: SBIN121083975772--SRI SENI Enterprises	NEFT INB: CNABJZXWX3                              TRANSFER TO 3197944044306 / SRI SENI Enterprises	99922	9,737.00	 	9,30,802.17
24 Mar 2021	24 Mar 2021	   TO TRANSFER-INB NEFT UTR NO: SBIN121083977914--Annam Enterprises	NEFT INB: CNABJZXYS2                              TRANSFER TO 3197944044306 / Annam Enterprises	99922	8,000.00	 	9,22,802.17
24 Mar 2021	24 Mar 2021	   TO TRANSFER-INB NEFT UTR NO: SBIN121083981656--MANGALAM SANITARY	NEFT INB: CNABJZXZB4                              TRANSFER TO 3197944044306 / MANGALAM SANITARY	99922	1,239.00	 	9,21,563.17
24 Mar 2021	24 Mar 2021	   TO TRANSFER-INB NEFT UTR NO: SBIN121083983599--AIM TECH VIKING	NEFT INB: CNABJZYAX7                              TRANSFER TO 3197944044306 / AIM TECH VIKING	99922	10,000.00	 	9,11,563.17
24 Mar 2021	24 Mar 2021	   TO TRANSFER-INB NEFT UTR NO: SBIN121083986967--BHARATH Enterprises	NEFT INB: CNABJZYCB6                              TRANSFER TO 3197944044306 / BHARATH Enterprises	99922	8,830.00	 	9,02,733.17
24 Mar 2021	24 Mar 2021	   TO TRANSFER-INB NEFT UTR NO: SBIN121083991793--Lakshmi Hayagrivaa Maarketing	NEFT INB: CNABJZYCJ8                              TRANSFER TO 3197944044306 / Lakshmi Hayagrivaa Maarketing	99922	5,000.00	 	8,97,733.17
25 Mar 2021	25 Mar 2021	   CSH DEP (CDM)-9092052786--	 / 	4292	 	41,000.00	9,38,733.17
25 Mar 2021	25 Mar 2021	   BULK POSTING-CR_TAMILNADU SANITARY STO             05549442  24--	 / 	16899	 	6,182.89	9,44,916.06
25 Mar 2021	25 Mar 2021	BY CLEARING / CHEQUE-CBI   600016030-132634 600002332--132634	 / 132634	10395	 	4,163.00	9,49,079.06
25 Mar 2021	25 Mar 2021	BY CLEARING / CHEQUE-KVB   600053032-000189 600002332--189	 / 189	10395	 	4,490.00	9,53,569.06
25 Mar 2021	25 Mar 2021	   BY TRANSFER-NEFT*ICIC0SF0002*75791324*K P BALAKUMAR*Sanitarywa--	TRANSFER FROM 3199962044300 / 	4430	 	16,800.00	9,70,369.06
25 Mar 2021	25 Mar 2021	   TO TRANSFER-INB NEFT UTR NO: SBIN321084253492--Dural Trims and Profiles P Ltd	NEFT INB: CNABKATSV6                              TRANSFER TO 3197944044306 / Dural Trims and Profiles P Ltd	99922	9,508.00	 	9,60,861.06
26 Mar 2021	26 Mar 2021	   BULK POSTING-CR_TAMILNADU SANITARY STO             05549442  25--	 / 	16899	 	23,331.82	9,84,192.88
26 Mar 2021	26 Mar 2021	   CASH DEPOSIT-CASH DEPOSIT SELF--	 / 	40236	 	10,000.00	9,94,192.88
27 Mar 2021	27 Mar 2021	   TO TRANSFER-INB NEFT UTR NO: SBIN121086099079--Andavar Marketing PVT LTD	NEFT INB: CNABKCQPG1                              TRANSFER TO 3197944044306 / Andavar Marketing PVT LTD	99922	16,431.00	 	9,77,761.88
27 Mar 2021	27 Mar 2021	   TO TRANSFER-INB NEFT UTR NO: SBIN121086100427--Andavar Marketing PVT LTD	NEFT INB: CNABKCQRB6                              TRANSFER TO 3197944044306 / Andavar Marketing PVT LTD	99922	10,441.00	 	9,67,320.88
27 Mar 2021	27 Mar 2021	   TO TRANSFER-INB NEFT UTR NO: SBIN121086102598--AJANTHA BATHROOM PRODUCTS AND PIPES	NEFT INB: CNABKCQRI8                              TRANSFER TO 3197944044306 / AJANTHA BATHROOM PRODUCTS AND PIPES	99922	15,824.00	 	9,51,496.88
27 Mar 2021	27 Mar 2021	   TO TRANSFER-INB NEFT UTR NO: SBIN121086106787--TRISHLA CORPORATION	NEFT INB: CNABKCQSX1                              TRANSFER TO 3197944044306 / TRISHLA CORPORATION	99922	6,241.00	 	9,45,255.88
27 Mar 2021	27 Mar 2021	   TO TRANSFER-INB NEFT UTR NO: SBIN121086109467--TRISHLA AGENCIES	NEFT INB: CNABKCQUB9                              TRANSFER TO 3197944044306 / TRISHLA AGENCIES	99922	4,268.00	 	9,40,987.88
27 Mar 2021	27 Mar 2021	   TO TRANSFER-INB NEFT UTR NO: SBIN121086112005--FRIENDLY SERVICES	NEFT INB: CNABKCQWS2                              TRANSFER TO 3197944044306 / FRIENDLY SERVICES	99922	1,020.00	 	9,39,967.88
27 Mar 2021	27 Mar 2021	   TO TRANSFER-INB NEFT UTR NO: SBIN121086113025--NOVELTY	NEFT INB: CNABKCQWZ3                              TRANSFER TO 3197944044306 / NOVELTY	99922	13,315.00	 	9,26,652.88
27 Mar 2021	27 Mar 2021	   BULK POSTING-CR_TAMILNADU SANITARY STO             05549442  26--	 / 	16899	 	7,895.25	9,34,548.13
27 Mar 2021	27 Mar 2021	   BY TRANSFER-UPI/CR/108612537437/SUMANTH /HDFC/sharmasuma/UPI--	TRANSFER FROM 4898995162092 / 	40236	 	23,505.00	9,58,053.13
28 Mar 2021	28 Mar 2021	   TO TRANSFER-INB NEFT UTR NO: SBIN221087125680--ASHOK SANITARY WARE	NEFT INB: CNABKDMUT3                              TRANSFER TO 3197944044306 / ASHOK SANITARY WARE	99922	3,884.00	 	9,54,169.13
28 Mar 2021	28 Mar 2021	   TO TRANSFER-INB NEFT UTR NO: SBIN221087126359--Annam Enterprises	NEFT INB: CNABKDMVO9                              TRANSFER TO 3197944044306 / Annam Enterprises	99922	8,215.00	 	9,45,954.13
28 Mar 2021	28 Mar 2021	   TO TRANSFER-INB NEFT UTR NO: SBIN221087126650--MANGALAM SANITARY	NEFT INB: CNABKDMVQ8                              TRANSFER TO 3197944044306 / MANGALAM SANITARY	99922	13,286.00	 	9,32,668.13
28 Mar 2021	28 Mar 2021	   TO TRANSFER-INB NEFT UTR NO: SBIN221087126715--SRI SENI Enterprises	NEFT INB: CNABKDMVS1                              TRANSFER TO 3197944044306 / SRI SENI Enterprises	99922	13,923.00	 	9,18,745.13
28 Mar 2021	28 Mar 2021	   TO TRANSFER-INB NEFT UTR NO: SBIN221087128014--SRI SENI Enterprises	NEFT INB: CNABKDMVU3                              TRANSFER TO 3197944044306 / SRI SENI Enterprises	99922	14,970.00	 	9,03,775.13
28 Mar 2021	28 Mar 2021	   TO TRANSFER-INB NEFT UTR NO: SBIN221087128551--Elac Marketing Pvt Ltd	NEFT INB: CNABKDMVW8                              TRANSFER TO 3197944044306 / Elac Marketing Pvt Ltd	99922	9,775.00	 	8,94,000.13
28 Mar 2021	28 Mar 2021	   TO TRANSFER-INB NEFT UTR NO: SBIN221087128590--Sattar Sanitary Stores	NEFT INB: CNABKDMVY1                              TRANSFER TO 3197944044306 / Sattar Sanitary Stores	99922	16,638.00	 	8,77,362.13
28 Mar 2021	28 Mar 2021	   TO TRANSFER-INB NEFT UTR NO: SBIN221087129221--ARUNKUMAR MANOHARAN	NEFT INB: CNABKDMXN9                              TRANSFER TO 3197944044306 / ARUNKUMAR MANOHARAN	99922	5,000.00	 	8,72,362.13
28 Mar 2021	28 Mar 2021	   BULK POSTING-CR_TAMILNADU SANITARY STO             05548442  27--	 / 	16899	 	1,958.00	8,74,320.13
29 Mar 2021	29 Mar 2021	TO CLEARING-HDF   NATIONALCERAMICCENTRE--555436	 / 555436	10395	5,483.00	 	8,68,837.13
29 Mar 2021	29 Mar 2021	BY CLEARING / CHEQUE-INB   600019035-519001 600002332--519001	 / 519001	10395	 	7,075.00	8,75,912.13
29 Mar 2021	29 Mar 2021	   CASH DEPOSIT-CASH DEPOSIT SELF--	 / 	40236	 	61,000.00	9,36,912.13
30 Mar 2021	30 Mar 2021	TO CLEARING-KCU   LIC OF INDIA CBO 25 MYLA--555437	 / 555437	10395	9,931.00	 	9,26,981.13
30 Mar 2021	30 Mar 2021	TO CLEARING-KCU   LIC OF INDIA CBO 25 MYLA--555438	 / 555438	10395	14,352.00	 	9,12,629.13
30 Mar 2021	30 Mar 2021	   TO TRANSFER-INB Payment towards Invoice/Bill--	CTN2391507               TRANSFER TO 57002369188                           NELLAI CERAMIC CENTRE / 	99922	3,087.00	 	9,09,542.13
30 Mar 2021	30 Mar 2021	   TO TRANSFER-INB Payment towards Invoice/Bill--	CTN2391320               TRANSFER TO 32423647359                           ARAVIND CERAMICS PRIVA / 	99922	8,475.00	 	9,01,067.13
30 Mar 2021	30 Mar 2021	   TO TRANSFER-INB NEFT UTR NO: SBIN321089211861--TRISHLA CORPORATION	NEFT INB: CNABKEHMH4                              TRANSFER TO 3197944044306 / TRISHLA CORPORATION	99922	3,434.00	 	8,97,633.13
30 Mar 2021	30 Mar 2021	   TO TRANSFER-INB NEFT UTR NO: SBIN321089213021--NOVELTY	NEFT INB: CNABKEHMN0                              TRANSFER TO 3197944044306 / NOVELTY	99922	4,505.00	 	8,93,128.13
30 Mar 2021	30 Mar 2021	   TO TRANSFER-INB NEFT UTR NO: SBIN321089217392--TRISHLA AGENCIES	NEFT INB: CNABKEHPX7                              TRANSFER TO 3197944044306 / TRISHLA AGENCIES	99922	3,982.00	 	8,89,146.13
30 Mar 2021	30 Mar 2021	   TO TRANSFER-INB NEFT UTR NO: SBIN321089218335--NOBEL TILES WORLD	NEFT INB: CNABKEHRA9                              TRANSFER TO 3197944044306 / NOBEL TILES WORLD	99922	10,000.00	 	8,79,146.13
30 Mar 2021	30 Mar 2021	   TO TRANSFER-INB NEFT UTR NO: SBIN321089220160--NOBEL TILES WORLD	NEFT INB: CNABKEHUK0                              TRANSFER TO 3197944044306 / NOBEL TILES WORLD	99922	11,375.00	 	8,67,771.13
30 Mar 2021	30 Mar 2021	   TO TRANSFER-INB NEFT UTR NO: SBIN321089221182--ASHOK SANITARY WARE	NEFT INB: CNABKEHXG1                              TRANSFER TO 3197944044306 / ASHOK SANITARY WARE	99922	1,950.00	 	8,65,821.13
30 Mar 2021	30 Mar 2021	   TO TRANSFER-INB NEFT UTR NO: SBIN321089222631--Sri Ganapathy Enterprises	NEFT INB: CNABKEIAK3                              TRANSFER TO 3197944044306 / Sri Ganapathy Enterprises	99922	3,900.00	 	8,61,921.13
30 Mar 2021	30 Mar 2021	   TO TRANSFER-INB NEFT UTR NO: SBIN321089224053--AJANTHA BATHROOM PRODUCTS AND PIPES	NEFT INB: CNABKEIAZ8                              TRANSFER TO 3197944044306 / AJANTHA BATHROOM PRODUCTS AND PIPES	99922	12,008.00	 	8,49,913.13
30 Mar 2021	30 Mar 2021	   TO TRANSFER-INB NEFT UTR NO: SBIN321089225381--Shri Krishna Enterprises	NEFT INB: CNABKEICZ4                              TRANSFER TO 3197944044306 / Shri Krishna Enterprises	99922	6,077.00	 	8,43,836.13
30 Mar 2021	30 Mar 2021	   TO TRANSFER-INB NEFT UTR NO: SBIN321089228091--SHRI Venkateswar Agency	NEFT INB: CNABKEIEX4                              TRANSFER TO 3197944044306 / SHRI Venkateswar Agency	99922	12,250.00	 	8,31,586.13
30 Mar 2021	30 Mar 2021	   TO TRANSFER-INB NEFT UTR NO: SBIN321089229587--Andavar Marketing PVT LTD	NEFT INB: CNABKEIEI2                              TRANSFER TO 3197944044306 / Andavar Marketing PVT LTD	99922	1,080.00	 	8,30,506.13
30 Mar 2021	30 Mar 2021	   TO TRANSFER-INB NEFT UTR NO: SBIN321089230905--Andavar Marketing PVT LTD	NEFT INB: CNABKEIFO8                              TRANSFER TO 3197944044306 / Andavar Marketing PVT LTD	99922	24,531.00	 	8,05,975.13
30 Mar 2021	30 Mar 2021	   TO TRANSFER-INB NEFT UTR NO: SBIN321089234004--Andavar Marketing PVT LTD	NEFT INB: CNABKEIGC7                              TRANSFER TO 3197944044306 / Andavar Marketing PVT LTD	99922	18,899.00	 	7,87,076.13
30 Mar 2021	30 Mar 2021	   TO TRANSFER-INB NEFT UTR NO: SBIN321089237019--Andavar Marketing PVT LTD	NEFT INB: CNABKEILU2                              TRANSFER TO 3197944044306 / Andavar Marketing PVT LTD	99922	16,261.00	 	7,70,815.13
30 Mar 2021	30 Mar 2021	   BULK POSTING-CR_TAMILNADU SANITARY STO             05549442  29--	 / 	16899	 	776.88	7,71,592.01
30 Mar 2021	30 Mar 2021	   CASH DEPOSIT-CASH DEPOSIT SELF--	 / 	40236	 	17,000.00	7,88,592.01
30 Mar 2021	30 Mar 2021	   CASH DEPOSIT-CASH DEPOSIT SELF--	 / 	40236	 	10,000.00	7,98,592.01
30 Mar 2021	30 Mar 2021	   BY TRANSFER-NEFT*ICIC0006022*000103600380*BUYSELL INTERACTIONS--	TRANSFER FROM 3199414044305 / 	4430	 	24,000.00	8,22,592.01
30 Mar 2021	30 Mar 2021	   CSH DEP (CDM)-9092052786--	 / 	4292	 	5,000.00	8,27,592.01
31 Mar 2021	31 Mar 2021	   TO TRANSFER-INB NEFT UTR NO: SBIN521090416846--Expanded Metal Mart	NEFT INB: CNABKFRLE5                              TRANSFER TO 3197944044306 / Expanded Metal Mart	99922	7,237.00	 	8,20,355.01
31 Mar 2021	31 Mar 2021	   TO TRANSFER-INB NEFT UTR NO: SBIN521090417865--Andavar Marketing PVT LTD	NEFT INB: CNABKFRNF4                              TRANSFER TO 3197944044306 / Andavar Marketing PVT LTD	99922	16,670.00	 	8,03,685.01
31 Mar 2021	31 Mar 2021	   TO TRANSFER-INB NEFT UTR NO: SBIN521090419580--Galaxy Sales Trading Corporation	NEFT INB: CNABKFROH8                              TRANSFER TO 3197944044306 / Galaxy Sales Trading Corporation	99922	10,000.00	 	7,93,685.01
31 Mar 2021	31 Mar 2021	   TO TRANSFER-INB NEFT UTR NO: SBIN521090421016--Galaxy Sales Trading Corporation	NEFT INB: CNABKFROZ7                              TRANSFER TO 3197944044306 / Galaxy Sales Trading Corporation	99922	4,260.00	 	7,89,425.01
31 Mar 2021	31 Mar 2021	   TO TRANSFER-INB NEFT UTR NO: SBIN521090423757--National Ceramic Centre	NEFT INB: CNABKFRQY4                              TRANSFER TO 3197944044306 / National Ceramic Centre	99922	7,050.00	 	7,82,375.01
31 Mar 2021	31 Mar 2021	   TO TRANSFER-INB NEFT UTR NO: SBIN521090425326--NOBEL TILES WORLD	NEFT INB: CNABKFRRL2                              TRANSFER TO 3197944044306 / NOBEL TILES WORLD	99922	6,435.00	 	7,75,940.01
31 Mar 2021	31 Mar 2021	   TO TRANSFER-INB NEFT UTR NO: SBIN521090427204--NOBEL TILES WORLD	NEFT INB: CNABKFRUB1                              TRANSFER TO 3197944044306 / NOBEL TILES WORLD	99922	5,675.00	 	7,70,265.01
31 Mar 2021	31 Mar 2021	   BY TRANSFER-NEFT*HDFC0000001*N090211456385982*PSKT LOGISTICS*O--	TRANSFER FROM 3199679044302 / 	4430	 	18,760.00	7,89,025.01
31 Mar 2021	31 Mar 2021	   BULK POSTING-CR_TAMILNADU SANITARY STO             05549442  30--	 / 	16899	 	15,731.73	8,04,756.74
31 Mar 2021	31 Mar 2021	   BY TRANSFER-SBILT31032021121449493092-Sanitary fitti--	TRANSFER FROM 67069375917                         Mr. RAJESH BABU  N / 	70688	 	27,260.00	8,32,016.74
31 Mar 2021	31 Mar 2021	   CASH DEPOSIT-CASH DEPOSIT SELF--	 / 	40236	 	1,50,000.00	9,82,016.74
31 Mar 2021	31 Mar 2021	CASH HANDLING CHARGES---38976288	 / 38976288	40236	80.98	 	9,81,935.76
31 Mar 2021	31 Mar 2021	   CASH DEPOSIT-CASH DEPOSIT SELF--	 / 	40236	 	25,000.00	10,06,935.76
31 Mar 2021	31 Mar 2021	CASH HANDLING CHARGES---38976288	 / 38976288	40236	59.00	 	10,06,876.76
31 Mar 2021	31 Mar 2021	   BY TRANSFER-UPI/CR/109013834707/BHARATH /HDFC/baoji528@o/UPI--	TRANSFER FROM 4897710162096 / 	40236	 	2,520.00	10,09,396.76
31 Mar 2021	31 Mar 2021	   TO TRANSFER-INB NEFT UTR NO: SBIN121090070435--Parmeeth Distributors	NEFT INB: CNABKGIBM7                              TRANSFER TO 3197944044306 / Parmeeth Distributors	99922	150.00	 	10,09,246.76
31 Mar 2021	31 Mar 2021	   TO TRANSFER-INB NEFT UTR NO: SBIN121090075465--K M CERAMICS	NEFT INB: CNABKGIDR7                              TRANSFER TO 3197944044306 / K M CERAMICS	99922	20,000.00	 	9,89,246.76
31 Mar 2021	31 Mar 2021	   TO TRANSFER-INB NEFT UTR NO: SBIN121090093116--Andavar Marketing PVT LTD	NEFT INB: CNABKGIMG7                              TRANSFER TO 3197944044306 / Andavar Marketing PVT LTD	99922	13,069.00	 	9,76,177.76
31 Mar 2021	31 Mar 2021	   BY TRANSFER-NEFT*ICIC0000009*CMS1885212326*THG PUBLISHING PVT--	TRANSFER FROM 3199971044309 / 	4430	 	1,580.00	9,77,757.76
31 Mar 2021	31 Mar 2021	   BY TRANSFER-NEFT*ICIC0000009*CMS1885212328*THG PUBLISHING PVT--	TRANSFER FROM 3199972044308 / 	4430	 	3,130.00	9,80,887.76
31 Mar 2021	31 Mar 2021	   BY TRANSFER-NEFT*IOBA0001046*IOBAN21090210209*CHEMPLAST SANMAR--	TRANSFER FROM 3199965044307 / 	4430	 	1,020.00	9,81,907.76

**This is a computer generated statement and does not require a signature