Account Name       :                	TAMILNADU SANITARY STORES
Address            :	NO 143,  KUTCHERY ROAD,  MYLAPORE  Chennai
                                    	CHENNAI
                                    	TAMILNADU-600004
                                    	India
Date               :                	4 Apr 2022
Account Number     :	_00000030976446269
Account Description:	CA-REGULAR-PUB-OTH-ALL-INR
Branch             :	SANTHOME
Drawing Power      :	0.00
Interest Rate(% p.a.):	0.0
MOD Balance      :	0.00
CIF No.          :	_85676868920
IFS Code         :	SBIN0040236
MICR Code        :	_600002332
Balance on 1 Mar 2022        :	5,98,204.27
Start Date          :	1 Mar 2022
End Date            :	31 Mar 2022
Txn Date	Value Date	Description	Ref No./Cheque No.	Branch Code	        Debit	Credit	Balance	
1 Mar 2022	1 Mar 2022	   BULK POSTING-CR_TAMILNADU SANITARY STO          05549442--	 / 	16899	 	49,314.88	6,47,519.15
1 Mar 2022	1 Mar 2022	BY CLEARING / CHEQUE-HDF   600240015-000116 600002332--116	 / 116	10395	 	1,960.00	6,49,479.15
1 Mar 2022	1 Mar 2022	BY CLEARING / CHEQUE-IOB   605020018-956088 600002332--956088	 / 956088	10395	 	25,000.00	6,74,479.15
1 Mar 2022	1 Mar 2022	   BY TRANSFER-NEFT*KKBK0000958*KKBKH22059870895*MADAN SURGICAL C--	TRANSFER FROM 3199424044303 / 	4430	 	3,025.00	6,77,504.15
1 Mar 2022	1 Mar 2022	   TO TRANSFER-INB Payment towards Invoice/Bill--	CTR3844440               TRANSFER TO 57002369188                           NELLAI CERAMIC CENTRE / 	99922	6,329.00	 	6,71,175.15
1 Mar 2022	1 Mar 2022	   TO TRANSFER-INB NEFT UTR NO: SBIN522060867868--Andavar Marketing PVT LTD	NEFT INB: CNABVTSNF5                              TRANSFER TO 4899157044304 / Andavar Marketing PVT LTD	99922	11,976.00	 	6,59,199.15
1 Mar 2022	1 Mar 2022	   TO TRANSFER-INB NEFT UTR NO: SBIN522060871863--Andavar Marketing PVT LTD	NEFT INB: CNABVTSPK9                              TRANSFER TO 4899157044304 / Andavar Marketing PVT LTD	99922	5,175.00	 	6,54,024.15
1 Mar 2022	1 Mar 2022	   TO TRANSFER-INB NEFT UTR NO: SBIN522060872934--Andavar Marketing PVT LTD	NEFT INB: CNABVTSPS0                              TRANSFER TO 4899157044304 / Andavar Marketing PVT LTD	99922	10,566.00	 	6,43,458.15
2 Mar 2022	2 Mar 2022	   BULK POSTING-CR_TAMILNADU SANITARY STO          05549442--	 / 	16899	 	29,815.46	6,73,273.61
2 Mar 2022	2 Mar 2022	   TO TRANSFER-INB NEFT UTR NO: SBIN122061404506--Andavar Marketing PVT LTD	NEFT INB: CNABVUFUG1                              TRANSFER TO 4899157044304 / Andavar Marketing PVT LTD	99922	7,725.00	 	6,65,548.61
2 Mar 2022	2 Mar 2022	   TO TRANSFER-INB NEFT UTR NO: SBIN122061413157--NOBEL TILES WORLD	NEFT INB: CNABVUFYT4                              TRANSFER TO 4899157044304 / NOBEL TILES WORLD	99922	4,947.00	 	6,60,601.61
2 Mar 2022	2 Mar 2022	   TO TRANSFER-INB NEFT UTR NO: SBIN122061422651--AJANTHA BATHROOM PRODUCTS AND PIPES	NEFT INB: CNABVUGCQ4                              TRANSFER TO 4899157044304 / AJANTHA BATHROOM PRODUCTS AND PIPES	99922	27,520.00	 	6,33,081.61
2 Mar 2022	2 Mar 2022	   TO TRANSFER-INB NEFT UTR NO: SBIN122061425685--ANCHOR DISTRIBUTION SYSTEMS	NEFT INB: CNABVUGER2                              TRANSFER TO 4899157044304 / ANCHOR DISTRIBUTION SYSTEMS	99922	7,277.00	 	6,25,804.61
2 Mar 2022	2 Mar 2022	   TO TRANSFER-INB NEFT UTR NO: SBIN122061429132--TRISHLA AGENCIES	NEFT INB: CNABVUGGA4                              TRANSFER TO 4899157044304 / TRISHLA AGENCIES	99922	3,975.00	 	6,21,829.61
2 Mar 2022	2 Mar 2022	   TO TRANSFER-INB NEFT UTR NO: SBIN122061431485--TRISHLA CORPORATION	NEFT INB: CNABVUGHO7                              TRANSFER TO 4899157044304 / TRISHLA CORPORATION	99922	3,567.00	 	6,18,262.61
2 Mar 2022	2 Mar 2022	   TO TRANSFER-INB NEFT UTR NO: SBIN122061432184--Sattar Sanitary Stores	NEFT INB: CNABVUGKF2                              TRANSFER TO 4899157044304 / Sattar Sanitary Stores	99922	26,302.00	 	5,91,960.61
2 Mar 2022	2 Mar 2022	   TO TRANSFER-INB NEFT UTR NO: SBIN122061435496--Andavar Marketing PVT LTD	NEFT INB: CNABVUGKS8                              TRANSFER TO 4899157044304 / Andavar Marketing PVT LTD	99922	14,851.00	 	5,77,109.61
2 Mar 2022	2 Mar 2022	   BY TRANSFER-UPI/CR/206121733359/J LAKSHMI/HDFC/9884049956/Bill--	TRANSFER FROM 5098971162094 / 	1	 	11,100.00	5,88,209.61
2 Mar 2022	2 Mar 2022	   BY TRANSFER-NEFT*HDFC0000001*N061221855422316*SHREYA KRISHNAN*--	TRANSFER FROM 3199678044303 / 	4430	 	50,000.00	6,38,209.61
3 Mar 2022	3 Mar 2022	   CASH DEPOSIT-CASH DEPOSIT SELF--	 / 	40236	 	1,04,000.00	7,42,209.61
3 Mar 2022	3 Mar 2022	   BY TRANSFER-INB IMPS206211974174/9962350035/XX4241/Balance pa--	MAA000983535845          MAA000983535845          TRANSFER FROM 4897994162091 / 	99922	 	1,730.00	7,43,939.61
3 Mar 2022	3 Mar 2022	   BULK POSTING-CR_TAMILNADU SANITARY STO          05549442--	 / 	16899	 	1,052.42	7,44,992.03
3 Mar 2022	3 Mar 2022	   BY TRANSFER-NEFT*KKBK0000958*KKBKH22062730137*MADAN SURGICAL C--	TRANSFER FROM 3199422044305 / 	4430	 	2,520.00	7,47,512.03
3 Mar 2022	3 Mar 2022	   TO TRANSFER-INB NEFT UTR NO: SBIN322062266107--G K Trading Company	NEFT INB: CNABVVVIZ3                              TRANSFER TO 4899157044304 / G K Trading Company	99922	2,670.00	 	7,44,842.03
3 Mar 2022	3 Mar 2022	   BY TRANSFER-UPI/CR/206212891472/SUBBURAJ G/BKID/subburaj.g/UPI--	TRANSFER FROM 4693417162098 / 	40236	 	8,500.00	7,53,342.03
3 Mar 2022	3 Mar 2022	   BY TRANSFER-NEFT*HDFC0000001*N062221857810144*SHREYA KRISHNAN*--	TRANSFER FROM 3199419044300 / 	4430	 	1,58,000.00	9,11,342.03
4 Mar 2022	4 Mar 2022	   TO TRANSFER-INB NEFT UTR NO: SBIN322063990807--Andavar Marketing PVT LTD	NEFT INB: CNABVWIUT2                              TRANSFER TO 4899157044304 / Andavar Marketing PVT LTD	99922	4,640.00	 	9,06,702.03
4 Mar 2022	4 Mar 2022	   TO TRANSFER-INB NEFT UTR NO: SBIN322063989891--Andavar Marketing PVT LTD	NEFT INB: CNABVWIWJ6                              TRANSFER TO 4899157044304 / Andavar Marketing PVT LTD	99922	10,115.00	 	8,96,587.03
4 Mar 2022	4 Mar 2022	   TO TRANSFER-INB NEFT UTR NO: SBIN322063989948--Andavar Marketing PVT LTD	NEFT INB: CNABVWIWM8                              TRANSFER TO 4899157044304 / Andavar Marketing PVT LTD	99922	13,500.00	 	8,83,087.03
4 Mar 2022	4 Mar 2022	   BULK POSTING-CR_TAMILNADU SANITARY STO          05549442--	 / 	16899	 	5,470.99	8,88,558.02
5 Mar 2022	5 Mar 2022	   CASH DEPOSIT-CASH DEPOSIT SELF--	 / 	40236	 	76,500.00	9,65,058.02
5 Mar 2022	5 Mar 2022	   BULK POSTING-CR_TAMILNADU SANITARY STO          05549442--	 / 	16899	 	9,360.59	9,74,418.61
5 Mar 2022	5 Mar 2022	   BY TRANSFER-UPI/CR/206419809043/A THOTHA/HDFC/brindha.na/UPI--	TRANSFER FROM 4693579162091 / 	40236	 	12,000.00	9,86,418.61
6 Mar 2022	6 Mar 2022	   TO TRANSFER-INB NEFT UTR NO: SBIN122065508141--Super Trading Corporation	NEFT INB: CNABVYQNZ4                              TRANSFER TO 4899157044304 / Super Trading Corporation	99922	13,136.00	 	9,73,282.61
6 Mar 2022	6 Mar 2022	   TO TRANSFER-INB NEFT UTR NO: SBIN122065507388--Andavar Marketing PVT LTD	NEFT INB: CNABVYQOD2                              TRANSFER TO 4899157044304 / Andavar Marketing PVT LTD	99922	12,741.00	 	9,60,541.61
6 Mar 2022	6 Mar 2022	   TO TRANSFER-INB NEFT UTR NO: SBIN122065507449--Andavar Marketing PVT LTD	NEFT INB: CNABVYQOH2                              TRANSFER TO 4899157044304 / Andavar Marketing PVT LTD	99922	9,125.00	 	9,51,416.61
6 Mar 2022	6 Mar 2022	   TO TRANSFER-INB Payment towards Invoice/Bill--	CTR4574986               TRANSFER TO 57002369188                           NELLAI CERAMIC CENTRE / 	99922	10,124.00	 	9,41,292.61
6 Mar 2022	6 Mar 2022	   TO TRANSFER-INB NEFT UTR NO: SBIN122065508101--Nizam Sanitary Stores	NEFT INB: CNABVYQOM6                              TRANSFER TO 4899157044304 / Nizam Sanitary Stores	99922	2,242.00	 	9,39,050.61
6 Mar 2022	6 Mar 2022	   TO TRANSFER-INB NEFT UTR NO: SBIN122065508426--K M CERAMICS	NEFT INB: CNABVYQOO9                              TRANSFER TO 4899157044304 / K M CERAMICS	99922	25,000.00	 	9,14,050.61
6 Mar 2022	6 Mar 2022	   TO TRANSFER-INB NEFT UTR NO: SBIN122065513565--D S Associates	NEFT INB: CNABVYQTY0                              TRANSFER TO 4899157044304 / D S Associates	99922	14,925.00	 	8,99,125.61
6 Mar 2022	6 Mar 2022	   TO TRANSFER-INB NEFT UTR NO: SBIN122065514443--D S Associates	NEFT INB: CNABVYQWI5                              TRANSFER TO 4899157044304 / D S Associates	99922	14,100.00	 	8,85,025.61
6 Mar 2022	6 Mar 2022	   TO TRANSFER-INB NEFT UTR NO: SBIN122065514031--SRI SENI Enterprises	NEFT INB: CNABVYQWL2                              TRANSFER TO 4899157044304 / SRI SENI Enterprises	99922	14,320.00	 	8,70,705.61
6 Mar 2022	6 Mar 2022	   TO TRANSFER-INB NEFT UTR NO: SBIN122065514957--SRI SENI Enterprises	NEFT INB: CNABVYQXD1                              TRANSFER TO 4899157044304 / SRI SENI Enterprises	99922	9,382.00	 	8,61,323.61
6 Mar 2022	6 Mar 2022	   TO TRANSFER-INB NEFT UTR NO: SBIN122065515004--MANGALAM SANITARY	NEFT INB: CNABVYQXH4                              TRANSFER TO 4899157044304 / MANGALAM SANITARY	99922	6,811.00	 	8,54,512.61
6 Mar 2022	6 Mar 2022	   TO TRANSFER-INB NEFT UTR NO: SBIN122065515376--SHYAMS ENTERPRISES	NEFT INB: CNABVYQXK3                              TRANSFER TO 4899157044304 / SHYAMS ENTERPRISES	99922	4,106.00	 	8,50,406.61
6 Mar 2022	6 Mar 2022	   TO TRANSFER-INB NEFT UTR NO: SBIN122065516268--Shiv Shakti Agencies	NEFT INB: CNABVYQXO0                              TRANSFER TO 4899157044304 / Shiv Shakti Agencies	99922	2,984.00	 	8,47,422.61
6 Mar 2022	6 Mar 2022	   TO TRANSFER-INB NEFT UTR NO: SBIN122065516771--International Sales Corporation	NEFT INB: CNABVYQXB0                              TRANSFER TO 4899157044304 / International Sales Corporation	99922	10,000.00	 	8,37,422.61
6 Mar 2022	6 Mar 2022	   TO TRANSFER-INB NEFT UTR NO: SBIN122065517164--K N Industries	NEFT INB: CNABVYQZP4                              TRANSFER TO 4899157044304 / K N Industries	99922	9,690.00	 	8,27,732.61
6 Mar 2022	6 Mar 2022	   TO TRANSFER-INB NEFT UTR NO: SBIN122065518159--ASHOK SANITARYWARE	NEFT INB: CNABVYQZS6                              TRANSFER TO 4899157044304 / ASHOK SANITARYWARE	99922	3,070.00	 	8,24,662.61
6 Mar 2022	6 Mar 2022	   TO TRANSFER-INB NEFT UTR NO: SBIN122065517767--Annam Enterprises	NEFT INB: CNABVYQZI0                              TRANSFER TO 4899157044304 / Annam Enterprises	99922	8,852.00	 	8,15,810.61
6 Mar 2022	6 Mar 2022	   TO TRANSFER-INB NEFT UTR NO: SBIN122065518719--Sri Kesava Traders	NEFT INB: CNABVYRBB1                              TRANSFER TO 4899157044304 / Sri Kesava Traders	99922	5,051.00	 	8,10,759.61
6 Mar 2022	6 Mar 2022	   TO TRANSFER-INB NEFT UTR NO: SBIN122065518361--SHRI Venkateswar Agency	NEFT INB: CNABVYQZY7                              TRANSFER TO 4899157044304 / SHRI Venkateswar Agency	99922	6,750.00	 	8,04,009.61
6 Mar 2022	6 Mar 2022	   TO TRANSFER-INB NEFT UTR NO: SBIN122065518476--Parmeeth Distributors	NEFT INB: CNABVYRBN0                              TRANSFER TO 4899157044304 / Parmeeth Distributors	99922	1,224.00	 	8,02,785.61
7 Mar 2022	7 Mar 2022	   CASH DEPOSIT-CASH DEPOSIT SELF--	 / 	40236	 	60,500.00	8,63,285.61
7 Mar 2022	7 Mar 2022	   BULK POSTING-CR_TAMILNADU SANITARY STO          05549442--	 / 	16899	 	13,061.22	8,76,346.83
7 Mar 2022	7 Mar 2022	BY CLEARING / CHEQUE-KCU   600054035-000180 600002332--180	 / 180	10395	 	7,160.00	8,83,506.83
7 Mar 2022	7 Mar 2022	   TO TRANSFER-INB Salary Payment--	CTR4769238               TRANSFER TO 32950808735                           Mr. KASI  R / 	99922	17,000.00	 	8,66,506.83
7 Mar 2022	7 Mar 2022	   TO TRANSFER-INB Salary Payment--	CTR4769418               TRANSFER TO 31054735034                           Mr. NOUSHAD  ABDUL SAL / 	99922	14,500.00	 	8,52,006.83
8 Mar 2022	8 Mar 2022	TO CLEARING-LAKSHMI HAYAGRIVAA MAARKE--450490	 / 450490	10395	4,130.00	 	8,47,876.83
8 Mar 2022	8 Mar 2022	TO CLEARING-LAKSHMI HAYAGRIVAA MAARKE--250723	 / 250723	10395	870.00	 	8,47,006.83
8 Mar 2022	8 Mar 2022	   TO TRANSFER-INB Payment towards Invoice/Bill--	CTR4805590               TRANSFER TO 32423647359                           ARAVIND CERAMICS PRIVA / 	99922	5,055.00	 	8,41,951.83
8 Mar 2022	8 Mar 2022	   TO TRANSFER-INB Payment towards Invoice/Bill--	CTR4806298               TRANSFER TO 31547097771                           KHUZEMA MAMUWALA AND C / 	99922	2,454.00	 	8,39,497.83
8 Mar 2022	8 Mar 2022	   TO TRANSFER-INB NEFT UTR NO: SBIN322067313037--AJANTHA BATHROOM PRODUCTS AND PIPES	NEFT INB: CNABWALRY2                              TRANSFER TO 4899157044304 / AJANTHA BATHROOM PRODUCTS AND PIPES	99922	20,497.00	 	8,19,000.83
8 Mar 2022	8 Mar 2022	   TO TRANSFER-INB NEFT UTR NO: SBIN322067314543--AJANTHA BATHROOM PRODUCTS AND PIPES	NEFT INB: CNABWALUL3                              TRANSFER TO 4899157044304 / AJANTHA BATHROOM PRODUCTS AND PIPES	99922	13,984.00	 	8,05,016.83
8 Mar 2022	8 Mar 2022	   TO TRANSFER-INB NEFT UTR NO: SBIN322067316186--NOBEL TILES WORLD	NEFT INB: CNABWALUQ7                              TRANSFER TO 4899157044304 / NOBEL TILES WORLD	99922	16,490.00	 	7,88,526.83
8 Mar 2022	8 Mar 2022	   TO TRANSFER-INB NEFT UTR NO: SBIN322067314989--NOBEL TILES WORLD	NEFT INB: CNABWALUW7                              TRANSFER TO 4899157044304 / NOBEL TILES WORLD	99922	10,000.00	 	7,78,526.83
8 Mar 2022	8 Mar 2022	   TO TRANSFER-INB NEFT UTR NO: SBIN322067316518--GERMA Sanitarywares PVT LTD	NEFT INB: CNABWALYK0                              TRANSFER TO 4899157044304 / GERMA Sanitarywares PVT LTD	99922	2,000.00	 	7,76,526.83
8 Mar 2022	8 Mar 2022	   TO TRANSFER-INB NEFT UTR NO: SBIN322067322058--ANCHOR DISTRIBUTION SYSTEMS	NEFT INB: CNABWALZN1                              TRANSFER TO 4899157044304 / ANCHOR DISTRIBUTION SYSTEMS	99922	8,402.00	 	7,68,124.83
8 Mar 2022	8 Mar 2022	   TO TRANSFER-INB NEFT UTR NO: SBIN322067319514--Andavar Marketing PVT LTD	NEFT INB: CNABWAMAU9                              TRANSFER TO 4899157044304 / Andavar Marketing PVT LTD	99922	16,606.00	 	7,51,518.83
8 Mar 2022	8 Mar 2022	   TO TRANSFER-INB NEFT UTR NO: SBIN322067322311--Andavar Marketing PVT LTD	NEFT INB: CNABWAMBL8                              TRANSFER TO 4899157044304 / Andavar Marketing PVT LTD	99922	640.00	 	7,50,878.83
8 Mar 2022	8 Mar 2022	   BULK POSTING-CR_TAMILNADU SANITARY STO          05549442--	 / 	16899	 	4,963.87	7,55,842.70
8 Mar 2022	8 Mar 2022	   BY TRANSFER-UPI/CR/206751077201/ASWIN S L/LAVB/dearaswin8/UPI--	TRANSFER FROM 4693114162092 / 	40236	 	390.00	7,56,232.70
8 Mar 2022	8 Mar 2022	BY CLEARING / CHEQUE-KVB   600053008-004267 600002332--4267	 / 4267	10395	 	2,390.00	7,58,622.70
9 Mar 2022	9 Mar 2022	   CASH DEPOSIT-CASH DEPOSIT SELF--	 / 	40236	 	99,500.00	8,58,122.70
9 Mar 2022	9 Mar 2022	   BY TRANSFER-NEFT*DBSS0IN0811*0811OP2102987776*CHEMPLAST SANMAR--	TRANSFER FROM 3199957044306 / 	4430	 	4,955.00	8,63,077.70
9 Mar 2022	9 Mar 2022	   BULK POSTING-CR_TAMILNADU SANITARY STO          05549442--	 / 	16899	 	1,060.00	8,64,137.70
9 Mar 2022	9 Mar 2022	   TO TRANSFER-INB NEFT UTR NO: SBIN522068169821--Sattar Sanitary Stores	NEFT INB: CNABWCJBP5                              TRANSFER TO 4899157044304 / Sattar Sanitary Stores	99922	15,434.00	 	8,48,703.70
9 Mar 2022	9 Mar 2022	   TO TRANSFER-INB NEFT UTR NO: SBIN522068171689--Sattar Sanitary Stores	NEFT INB: CNABWCJEG1                              TRANSFER TO 4899157044304 / Sattar Sanitary Stores	99922	3,512.00	 	8,45,191.70
9 Mar 2022	9 Mar 2022	   TO TRANSFER-INB NEFT UTR NO: SBIN522068174205--SHRI Venkateswar Agency	NEFT INB: CNABWCJET0                              TRANSFER TO 4899157044304 / SHRI Venkateswar Agency	99922	7,500.00	 	8,37,691.70
9 Mar 2022	9 Mar 2022	   TO TRANSFER-INB NEFT UTR NO: SBIN522068176363--Shri Krishna Enterprises	NEFT INB: CNABWCJHE1                              TRANSFER TO 4899157044304 / Shri Krishna Enterprises	99922	5,000.00	 	8,32,691.70
9 Mar 2022	9 Mar 2022	   TO TRANSFER-INB NEFT UTR NO: SBIN522068181713--TRISHLA AGENCIES	NEFT INB: CNABWCJKO0                              TRANSFER TO 4899157044304 / TRISHLA AGENCIES	99922	9,221.00	 	8,23,470.70
9 Mar 2022	9 Mar 2022	   TO TRANSFER-INB NEFT UTR NO: SBIN522068188220--NOBEL TILES WORLD	NEFT INB: CNABWCJNK1                              TRANSFER TO 4899157044304 / NOBEL TILES WORLD	99922	10,418.00	 	8,13,052.70
9 Mar 2022	9 Mar 2022	   TO TRANSFER-INB NEFT UTR NO: SBIN522068188885--AJANTHA BATHROOM PRODUCTS AND PIPES	NEFT INB: CNABWCJPL6                              TRANSFER TO 4899157044304 / AJANTHA BATHROOM PRODUCTS AND PIPES	99922	10,000.00	 	8,03,052.70
9 Mar 2022	9 Mar 2022	   TO TRANSFER-INB NEFT UTR NO: SBIN522068193769--K M CERAMICS	NEFT INB: CNABWCJSC9                              TRANSFER TO 4899157044304 / K M CERAMICS	99922	15,000.00	 	7,88,052.70
9 Mar 2022	9 Mar 2022	   TO TRANSFER-INB NEFT UTR NO: SBIN522068196740--Andavar Marketing PVT LTD	NEFT INB: CNABWCJUM5                              TRANSFER TO 4899157044304 / Andavar Marketing PVT LTD	99922	11,470.00	 	7,76,582.70
9 Mar 2022	9 Mar 2022	   TO TRANSFER-INB NEFT UTR NO: SBIN522068197407--Andavar Marketing PVT LTD	NEFT INB: CNABWCJUI0                              TRANSFER TO 4899157044304 / Andavar Marketing PVT LTD	99922	13,426.00	 	7,63,156.70
9 Mar 2022	9 Mar 2022	   TO TRANSFER-INB NEFT UTR NO: SBIN522068204137--Andavar Marketing PVT LTD	NEFT INB: CNABWCJXS7                              TRANSFER TO 4899157044304 / Andavar Marketing PVT LTD	99922	20,000.00	 	7,43,156.70
9 Mar 2022	9 Mar 2022	   TO TRANSFER-INB NEFT UTR NO: SBIN522068207540--NOBEL TILES WORLD	NEFT INB: CNABWCJZU6                              TRANSFER TO 4899157044304 / NOBEL TILES WORLD	99922	15,000.00	 	7,28,156.70
9 Mar 2022	9 Mar 2022	   TO TRANSFER-INB NEFT UTR NO: SBIN522068217541--PROVIDENT MARKETING	NEFT INB: CNABWCKDS7                              TRANSFER TO 4899157044304 / PROVIDENT MARKETING	99922	5,034.00	 	7,23,122.70
9 Mar 2022	9 Mar 2022	   TO TRANSFER-INB NEFT UTR NO: SBIN522068220270--ASHOK SANITARYWARE	NEFT INB: CNABWCKEI2                              TRANSFER TO 4899157044304 / ASHOK SANITARYWARE	99922	2,000.00	 	7,21,122.70
9 Mar 2022	9 Mar 2022	   TO TRANSFER-INB NEFT UTR NO: SBIN522068221899--International Sales Corporation	NEFT INB: CNABWCKFS8                              TRANSFER TO 4899157044304 / International Sales Corporation	99922	827.00	 	7,20,295.70
9 Mar 2022	9 Mar 2022	   TO TRANSFER-INB NEFT UTR NO: SBIN522068226204--MANGALAM SANITARY	NEFT INB: CNABWCKIB3                              TRANSFER TO 4899157044304 / MANGALAM SANITARY	99922	1,888.00	 	7,18,407.70
9 Mar 2022	9 Mar 2022	   TO TRANSFER-INB NEFT UTR NO: SBIN522068229093--SRI SENI Enterprises	NEFT INB: CNABWCKKU5                              TRANSFER TO 4899157044304 / SRI SENI Enterprises	99922	11,784.00	 	7,06,623.70
9 Mar 2022	9 Mar 2022	   TO TRANSFER-INB NEFT UTR NO: SBIN522068234249--D S Associates	NEFT INB: CNABWCKND4                              TRANSFER TO 4899157044304 / D S Associates	99922	10,000.00	 	6,96,623.70
10 Mar 2022	10 Mar 2022	   BULK POSTING-CR_TAMILNADU SANITARY STO          05549442--	 / 	16899	 	3,233.97	6,99,857.67
10 Mar 2022	10 Mar 2022	CHEQUE WDL- TO GOLDEN HARDWARE CENTRE--250721	TRANSFER FROM 32818937606                         GOLDEN HARDWARE CENTRE / 250721	40236	3,650.00	 	6,96,207.67
10 Mar 2022	10 Mar 2022	BY CLEARING / CHEQUE-CBI   600016003-028665 600002332--28665	 / 28665	10395	 	1,440.00	6,97,647.67
10 Mar 2022	10 Mar 2022	   TO TRANSFER-INB--	14832388839CHI8904242               TRANSFER TO 4599568162099 / 	99922	2,346.79	 	6,95,300.88
11 Mar 2022	11 Mar 2022	TO CLEARING-IOB   JUMMA MASJID--450478	 / 450478	10395	14,550.00	 	6,80,750.88
11 Mar 2022	11 Mar 2022	   TO TRANSFER-INB NEFT UTR NO: SBIN222070409541--Super Trading Corporation	NEFT INB: CNABWEFTQ2                              TRANSFER TO 4899157044304 / Super Trading Corporation	99922	10,000.00	 	6,70,750.88
11 Mar 2022	11 Mar 2022	   TO TRANSFER-INB NEFT UTR NO: SBIN222070410179--SRI SENI Enterprises	NEFT INB: CNABWEFUZ6                              TRANSFER TO 4899157044304 / SRI SENI Enterprises	99922	8,354.00	 	6,62,396.88
11 Mar 2022	11 Mar 2022	   TO TRANSFER-INB NEFT UTR NO: SBIN222070413423--MANGALAM SANITARY	NEFT INB: CNABWEFVS2                              TRANSFER TO 4899157044304 / MANGALAM SANITARY	99922	7,647.00	 	6,54,749.88
11 Mar 2022	11 Mar 2022	   TO TRANSFER-INB NEFT UTR NO: SBIN222070414388--SHYAMS ENTERPRISES	NEFT INB: CNABWEFWI4                              TRANSFER TO 4899157044304 / SHYAMS ENTERPRISES	99922	4,025.00	 	6,50,724.88
11 Mar 2022	11 Mar 2022	   TO TRANSFER-INB NEFT UTR NO: SBIN222070415505--PRECI TECH PLASTICS	NEFT INB: CNABWEFWK9                              TRANSFER TO 4899157044304 / PRECI TECH PLASTICS	99922	6,000.00	 	6,44,724.88
11 Mar 2022	11 Mar 2022	   TO TRANSFER-INB NEFT UTR NO: SBIN222070417812--Sri Kesava Traders	NEFT INB: CNABWEFWO1                              TRANSFER TO 4899157044304 / Sri Kesava Traders	99922	4,800.00	 	6,39,924.88
11 Mar 2022	11 Mar 2022	   TO TRANSFER-INB NEFT UTR NO: SBIN222070419339--Sattar Sanitary Stores	NEFT INB: CNABWEFXP9                              TRANSFER TO 4899157044304 / Sattar Sanitary Stores	99922	2,308.00	 	6,37,616.88
11 Mar 2022	11 Mar 2022	   TO TRANSFER-INB NEFT UTR NO: SBIN222070421195--Parmeeth Distributors	NEFT INB: CNABWEFWX9                              TRANSFER TO 4899157044304 / Parmeeth Distributors	99922	1,536.00	 	6,36,080.88
11 Mar 2022	11 Mar 2022	   TO TRANSFER-INB NEFT UTR NO: SBIN222070423823--D S Associates	NEFT INB: CNABWEFZN8                              TRANSFER TO 4899157044304 / D S Associates	99922	9,374.00	 	6,26,706.88
11 Mar 2022	11 Mar 2022	   TO TRANSFER-INB NEFT UTR NO: SBIN222070423638--D S Associates	NEFT INB: CNABWEFZS4                              TRANSFER TO 4899157044304 / D S Associates	99922	15,000.00	 	6,11,706.88
11 Mar 2022	11 Mar 2022	   TO TRANSFER-INB NEFT UTR NO: SBIN222070425365--Sattar Sanitary Stores	NEFT INB: CNABWEFZZ5                              TRANSFER TO 4899157044304 / Sattar Sanitary Stores	99922	10,733.00	 	6,00,973.88
11 Mar 2022	11 Mar 2022	   TO TRANSFER-INB NEFT UTR NO: SBIN222070426354--LEGEND	NEFT INB: CNABWEGBF4                              TRANSFER TO 4899157044304 / LEGEND	99922	1,799.00	 	5,99,174.88
11 Mar 2022	11 Mar 2022	   TO TRANSFER-INB NEFT UTR NO: SBIN222070426027--AJANTHA BATHROOM PRODUCTS AND PIPES	NEFT INB: CNABWEGBJ3                              TRANSFER TO 4899157044304 / AJANTHA BATHROOM PRODUCTS AND PIPES	99922	10,000.00	 	5,89,174.88
11 Mar 2022	11 Mar 2022	   BULK POSTING-CR_TAMILNADU SANITARY STO          05549442--	 / 	16899	 	1,500.00	5,90,674.88
11 Mar 2022	11 Mar 2022	   CASH DEPOSIT-CASH DEPOSIT SELF--	 / 	40236	 	38,500.00	6,29,174.88
11 Mar 2022	11 Mar 2022	CHEQUE DEPOSIT- TO TAMILNADU SANITARY STORES--795560	TRANSFER TO 54001361078                           GEMINI COOLING SYSTEMS / 795560	40236	 	1,475.00	6,30,649.88
11 Mar 2022	11 Mar 2022	BY CLEARING / CHEQUE-IOB   600020028-948265 600002332--948265	 / 948265	10395	 	7,060.00	6,37,709.88
11 Mar 2022	11 Mar 2022	   TO TRANSFER-INB NEFT UTR NO: SBIN222070809955--NOBEL TILES WORLD	NEFT INB: CNABWERPG8                              TRANSFER TO 4899157044304 / NOBEL TILES WORLD	99922	4,570.00	 	6,33,139.88
11 Mar 2022	11 Mar 2022	   TO TRANSFER-INB NEFT UTR NO: SBIN222070811620--NOBEL TILES WORLD	NEFT INB: CNABWERQB8                              TRANSFER TO 4899157044304 / NOBEL TILES WORLD	99922	5,472.00	 	6,27,667.88
11 Mar 2022	11 Mar 2022	   TO TRANSFER-INB NEFT UTR NO: SBIN222070813167--NOBEL TILES WORLD	NEFT INB: CNABWERQW3                              TRANSFER TO 4899157044304 / NOBEL TILES WORLD	99922	15,000.00	 	6,12,667.88
11 Mar 2022	11 Mar 2022	   TO TRANSFER-INB NEFT UTR NO: SBIN222070816027--Andavar Marketing PVT LTD	NEFT INB: CNABWERSZ3                              TRANSFER TO 4899157044304 / Andavar Marketing PVT LTD	99922	20,000.00	 	5,92,667.88
11 Mar 2022	11 Mar 2022	   BY TRANSFER-SBILT11032022225047709773-Bill Payment--	TRANSFER FROM 38699540518                         Mrs. PADMINI  SREENIVA / 	11732	 	7,580.00	6,00,247.88
12 Mar 2022	12 Mar 2022	   BULK POSTING-CR_TAMILNADU SANITARY STO          05549442--	 / 	16899	 	8,288.63	6,08,536.51
12 Mar 2022	12 Mar 2022	   A/C Keeping Chgs---	 / 	99999	649.00	 	6,07,887.51
14 Mar 2022	14 Mar 2022	   CASH DEPOSIT-CASH DEPOSIT SELF--	 / 	40236	 	7,000.00	6,14,887.51
14 Mar 2022	14 Mar 2022	   BULK POSTING-CR_TAMILNADU SANITARY STO          05548442--	 / 	16899	 	5,334.45	6,20,221.96
14 Mar 2022	14 Mar 2022	   CASH DEPOSIT-CASH DEPOSIT SELF--	 / 	40236	 	8,000.00	6,28,221.96
15 Mar 2022	15 Mar 2022	   BULK POSTING-CR_TAMILNADU SANITARY STO          05548442--	 / 	16899	 	8,386.89	6,36,608.85
15 Mar 2022	15 Mar 2022	BY CLEARING / CHEQUE-CAB   600015087-691183 600002332--691183	 / 691183	10395	 	25,000.00	6,61,608.85
15 Mar 2022	15 Mar 2022	BY CLEARING / CHEQUE-CBI   600016030-146726 600002332--146726	 / 146726	10395	 	4,574.00	6,66,182.85
15 Mar 2022	15 Mar 2022	   CASH DEPOSIT-CASH DEPOSIT SELF--	 / 	40236	 	20,000.00	6,86,182.85
15 Mar 2022	15 Mar 2022	   BY TRANSFER-NEFT*ICIC0000009*CMS2455595696*THG PUBLISHING PVT--	TRANSFER FROM 3199958044305 / 	4430	 	6,750.00	6,92,932.85
16 Mar 2022	16 Mar 2022	TO CLEARING-HDF   NATIONALCERAMICCENTRE--250727	 / 250727	10395	1,500.00	 	6,91,432.85
16 Mar 2022	16 Mar 2022	TO CLEARING-TMB   SRI SENI ENTERPRISES--250724	 / 250724	10395	66,000.00	 	6,25,432.85
16 Mar 2022	16 Mar 2022	   BULK POSTING-CR_TAMILNADU SANITARY STO          05548442--	 / 	16899	 	8,289.37	6,33,722.22
16 Mar 2022	16 Mar 2022	BY CLEARING / CHEQUE-CBI   600016003-121655 600002332--121655	 / 121655	10395	 	4,210.00	6,37,932.22
16 Mar 2022	16 Mar 2022	BY CLEARING / CHEQUE-SIB   600059005-033245 600002332--33245	 / 33245	10395	 	1,100.00	6,39,032.22
16 Mar 2022	16 Mar 2022	   CASH DEPOSIT-CASH DEPOSIT SELF--	 / 	40236	 	4,550.00	6,43,582.22
17 Mar 2022	17 Mar 2022	TO CLEARING-KVB   HUSSAIN SANITARY STORES--250726	 / 250726	10395	4,135.00	 	6,39,447.22
17 Mar 2022	17 Mar 2022	   BULK POSTING-CR_TAMILNADU SANITARY STO          05548442--	 / 	16899	 	930.05	6,40,377.27
17 Mar 2022	17 Mar 2022	   CASH DEPOSIT-CASH DEPOSIT SELF--	 / 	40236	 	5,000.00	6,45,377.27
18 Mar 2022	18 Mar 2022	   BULK POSTING-CR_TAMILNADU SANITARY STO          05548442--	 / 	16899	 	3,146.23	6,48,523.50
18 Mar 2022	18 Mar 2022	   TO TRANSFER-INB NEFT UTR NO: SBIN422077967105--ARUNKUMAR MANOHARAN	NEFT INB: CNABWLGTV1                              TRANSFER TO 4899157044304 / ARUNKUMAR MANOHARAN	99922	6,000.00	 	6,42,523.50
18 Mar 2022	18 Mar 2022	   TO TRANSFER-INB NEFT UTR NO: SBIN422077966950--ARUNKUMAR MANOHARAN	NEFT INB: CNABWLGUC6                              TRANSFER TO 4899157044304 / ARUNKUMAR MANOHARAN	99922	815.00	 	6,41,708.50
18 Mar 2022	18 Mar 2022	   CASH DEPOSIT-CASH DEPOSIT SELF--	 / 	40236	 	17,500.00	6,59,208.50
18 Mar 2022	18 Mar 2022	   BY TRANSFER-NEFT*ICIC0SF0002*26784818871DC*KRISHNA ENTERPRISES--	TRANSFER FROM 3199424044303 / 	4430	 	3,700.00	6,62,908.50
19 Mar 2022	19 Mar 2022	   BULK POSTING-CR_TAMILNADU SANITARY STO          05548442--	 / 	16899	 	1,633.44	6,64,541.94
19 Mar 2022	19 Mar 2022	CHEQUE WDL- to GOLDEN HARDWARE CENTRE--250722	TRANSFER FROM 32818937606                         GOLDEN HARDWARE CENTRE / 250722	40236	2,570.00	 	6,61,971.94
19 Mar 2022	19 Mar 2022	   BY TRANSFER-NEFT*CNRB0000915*P078220159601108*VIMALA BAL*Bathr--	TRANSFER FROM 3199419044300 / 	4430	 	5,900.00	6,67,871.94
21 Mar 2022	21 Mar 2022	   CASH DEPOSIT-CASH DEPOSIT SELF--	 / 	40236	 	9,000.00	6,76,871.94
22 Mar 2022	22 Mar 2022	TO CLEARING-TMB   SRI SENI ENTERPRISES--250725	 / 250725	10395	65,300.00	 	6,11,571.94
22 Mar 2022	22 Mar 2022	   BULK POSTING-CR_TAMILNADU SANITARY STO          05548442--	 / 	16899	 	4,274.12	6,15,846.06
22 Mar 2022	22 Mar 2022	   CASH DEPOSIT-CASH DEPOSIT SELF--	 / 	40236	 	17,000.00	6,32,846.06
22 Mar 2022	22 Mar 2022	   BY TRANSFER-SBILT22032022213209206975-Bill Payment--	TRANSFER FROM 38699540518                         Mrs. PADMINI  SREENIVA / 	11732	 	6,000.00	6,38,846.06
23 Mar 2022	23 Mar 2022	   CASH DEPOSIT-CASH DEPOSIT SELF--	 / 	40236	 	6,000.00	6,44,846.06
23 Mar 2022	23 Mar 2022	BY CLEARING / CHEQUE-KCU   600054002-245649 600002332--245649	 / 245649	10395	 	930.00	6,45,776.06
24 Mar 2022	24 Mar 2022	BY CLEARING / CHEQUE-INB   600019035-360060 600002332--360060	 / 360060	10395	 	2,880.00	6,48,656.06
24 Mar 2022	24 Mar 2022	   TO TRANSFER-INB NEFT UTR NO: SBIN522083063010--GERMA Sanitarywares PVT LTD	NEFT INB: CNABWQEIL5                              TRANSFER TO 4899157044304 / GERMA Sanitarywares PVT LTD	99922	6,524.00	 	6,42,132.06
24 Mar 2022	24 Mar 2022	   TO TRANSFER-INB NEFT UTR NO: SBIN522083068097--AJANTHA BATHROOM PRODUCTS AND PIPES	NEFT INB: CNABWQEKL1                              TRANSFER TO 4899157044304 / AJANTHA BATHROOM PRODUCTS AND PIPES	99922	6,669.00	 	6,35,463.06
24 Mar 2022	24 Mar 2022	   TO TRANSFER-INB NEFT UTR NO: SBIN522083070294--D S Associates	NEFT INB: CNABWQEMO3                              TRANSFER TO 4899157044304 / D S Associates	99922	15,000.00	 	6,20,463.06
24 Mar 2022	24 Mar 2022	   TO TRANSFER-INB NEFT UTR NO: SBIN522083072608--SRI SENI Enterprises	NEFT INB: CNABWQENE1                              TRANSFER TO 4899157044304 / SRI SENI Enterprises	99922	12,067.00	 	6,08,396.06
24 Mar 2022	24 Mar 2022	   TO TRANSFER-INB NEFT UTR NO: SBIN522083074994--Sattar Sanitary Stores	NEFT INB: CNABWQEPE4                              TRANSFER TO 4899157044304 / Sattar Sanitary Stores	99922	26,380.00	 	5,82,016.06
24 Mar 2022	24 Mar 2022	   TO TRANSFER-INB NEFT UTR NO: SBIN522083092941--Andavar Marketing PVT LTD	NEFT INB: CNABWQEUP5                              TRANSFER TO 4899157044304 / Andavar Marketing PVT LTD	99922	6,624.00	 	5,75,392.06
24 Mar 2022	24 Mar 2022	   TO TRANSFER-INB NEFT UTR NO: SBIN522083093680--Andavar Marketing PVT LTD	NEFT INB: CNABWQEWE4                              TRANSFER TO 4899157044304 / Andavar Marketing PVT LTD	99922	8,280.00	 	5,67,112.06
24 Mar 2022	24 Mar 2022	   TO TRANSFER-INB NEFT UTR NO: SBIN522083113115--Shiv Shakti Agencies	NEFT INB: CNABWQFCT8                              TRANSFER TO 4899157044304 / Shiv Shakti Agencies	99922	6,004.00	 	5,61,108.06
24 Mar 2022	24 Mar 2022	   TO TRANSFER-INB NEFT UTR NO: SBIN522083117190--SHRI Venkateswar Agency	NEFT INB: CNABWQFFV1                              TRANSFER TO 4899157044304 / SHRI Venkateswar Agency	99922	7,682.00	 	5,53,426.06
25 Mar 2022	25 Mar 2022	   BULK POSTING-CR_TAMILNADU SANITARY STO          05549442--	 / 	16899	 	40,471.63	5,93,897.69
25 Mar 2022	25 Mar 2022	   BULK POSTING-CR_TAMILNADU SANITARY STO          05548442--	 / 	16899	 	23,062.24	6,16,959.93
25 Mar 2022	25 Mar 2022	   BY TRANSFER-INB IMPS208419222602/9884574158/XX5161/TilesandAc--	MAB000982085669          MAB000982085669          TRANSFER FROM 4898008162097 / 	99922	 	8,700.00	6,25,659.93
25 Mar 2022	25 Mar 2022	   BY TRANSFER-NEFT*HDFC0000001*N084221888769191*SHREYA KRISHNAN*--	TRANSFER FROM 3199955044308 / 	4430	 	16,200.00	6,41,859.93
26 Mar 2022	26 Mar 2022	   BULK POSTING-CR_TAMILNADU SANITARY STO          05548442--	 / 	16899	 	3,987.20	6,45,847.13
26 Mar 2022	26 Mar 2022	   BULK POSTING-CR_TAMILNADU SANITARY STO          05549442--	 / 	16899	 	4,958.46	6,50,805.59
27 Mar 2022	27 Mar 2022	   TO TRANSFER-INB NEFT UTR NO: SBIN322086124957--Sunil Ceramics  and Sanitaton P Ltd	NEFT INB: CNABWSOHV7                              TRANSFER TO 4899157044304 / Sunil Ceramics  and Sanitaton P Ltd	99922	24,338.00	 	6,26,467.59
27 Mar 2022	27 Mar 2022	   BY TRANSFER-UPI/CR/208688702587/ELUMALAI A/CNRB/sukran7mal/UPI--	TRANSFER FROM 4899000162097 / 	40236	 	40,000.00	6,66,467.59
28 Mar 2022	28 Mar 2022	   BULK POSTING-CR_TAMILNADU SANITARY STO          05549442--	 / 	16899	 	5,191.06	6,71,658.65
28 Mar 2022	28 Mar 2022	   BULK POSTING-CR_TAMILNADU SANITARY STO          05548442--	 / 	16899	 	6,086.69	6,77,745.34
28 Mar 2022	28 Mar 2022	   CASH DEPOSIT-CASH DEPOSIT SELF--	 / 	40236	 	88,500.00	7,66,245.34
28 Mar 2022	28 Mar 2022	CASH HANDLING CHARGES---38976288	 / 38976288	40236	59.00	 	7,66,186.34
28 Mar 2022	28 Mar 2022	   TO TRANSFER-INB NEFT UTR NO: SBIN322087905862--PRECI TECH PLASTICS	NEFT INB: CNABWTKPK2                              TRANSFER TO 4899157044304 / PRECI TECH PLASTICS	99922	6,258.00	 	7,59,928.34
28 Mar 2022	28 Mar 2022	   TO TRANSFER-INB NEFT UTR NO: SBIN322087908686--MANGALAM SANITARY	NEFT INB: CNABWTKRO0                              TRANSFER TO 4899157044304 / MANGALAM SANITARY	99922	6,000.00	 	7,53,928.34
28 Mar 2022	28 Mar 2022	   TO TRANSFER-INB NEFT UTR NO: SBIN322087914858--ARUNKUMAR MANOHARAN	NEFT INB: CNABWTKTN0                              TRANSFER TO 4899157044304 / ARUNKUMAR MANOHARAN	99922	5,000.00	 	7,48,928.34
28 Mar 2022	28 Mar 2022	   TO TRANSFER-INB NEFT UTR NO: SBIN322087919325--SHYAMS ENTERPRISES	NEFT INB: CNABWTKVA5                              TRANSFER TO 4899157044304 / SHYAMS ENTERPRISES	99922	6,871.00	 	7,42,057.34
28 Mar 2022	28 Mar 2022	   TO TRANSFER-INB NEFT UTR NO: SBIN322087922693--BHARATH Enterprises	NEFT INB: CNABWTKXH5                              TRANSFER TO 4899157044304 / BHARATH Enterprises	99922	10,098.00	 	7,31,959.34
28 Mar 2022	28 Mar 2022	   TO TRANSFER-INB NEFT UTR NO: SBIN322087924676--K N Industries	NEFT INB: CNABWTKXU1                              TRANSFER TO 4899157044304 / K N Industries	99922	5,000.00	 	7,26,959.34
28 Mar 2022	28 Mar 2022	   TO TRANSFER-INB NEFT UTR NO: SBIN322087927301--Shabbir Sanitary Stores	NEFT INB: CNABWTLCQ3                              TRANSFER TO 4899157044304 / Shabbir Sanitary Stores	99922	10,738.00	 	7,16,221.34
28 Mar 2022	28 Mar 2022	   TO TRANSFER-INB NEFT UTR NO: SBIN322087931990--PROVIDENT MARKETING	NEFT INB: CNABWTLEA7                              TRANSFER TO 4899157044304 / PROVIDENT MARKETING	99922	10,401.00	 	7,05,820.34
28 Mar 2022	28 Mar 2022	   BY TRANSFER-UPI/CR/208717738454/K  NARAY/KKBK/narayan196/L10 s--	TRANSFER FROM 5098806162094 / 	40236	 	4,800.00	7,10,620.34
28 Mar 2022	28 Mar 2022	   TO TRANSFER-INB NEFT UTR NO: SBIN422087504308--Andavar Marketing PVT LTD	NEFT INB: CNABWTVCA0                              TRANSFER TO 4899157044304 / Andavar Marketing PVT LTD	99922	7,197.00	 	7,03,423.34
28 Mar 2022	28 Mar 2022	   TO TRANSFER-INB NEFT UTR NO: SBIN422087506985--Andavar Marketing PVT LTD	NEFT INB: CNABWTVCG8                              TRANSFER TO 4899157044304 / Andavar Marketing PVT LTD	99922	9,825.00	 	6,93,598.34
28 Mar 2022	28 Mar 2022	   TO TRANSFER-INB NEFT UTR NO: SBIN422087509138--ANCHOR DISTRIBUTION SYSTEMS	NEFT INB: CNABWTVEC2                              TRANSFER TO 4899157044304 / ANCHOR DISTRIBUTION SYSTEMS	99922	16,465.00	 	6,77,133.34
28 Mar 2022	28 Mar 2022	   TO TRANSFER-INB NEFT UTR NO: SBIN422087512965--LEGEND	NEFT INB: CNABWTVEM1                              TRANSFER TO 4899157044304 / LEGEND	99922	5,415.00	 	6,71,718.34
28 Mar 2022	28 Mar 2022	   TO TRANSFER-INB NEFT UTR NO: SBIN422087516474--AJANTHA BATHROOM PRODUCTS AND PIPES	NEFT INB: CNABWTVFC2                              TRANSFER TO 4899157044304 / AJANTHA BATHROOM PRODUCTS AND PIPES	99922	3,059.00	 	6,68,659.34
28 Mar 2022	28 Mar 2022	   TO TRANSFER-INB NEFT UTR NO: SBIN422087518883--NOBEL TILES WORLD	NEFT INB: CNABWTVFK8                              TRANSFER TO 4899157044304 / NOBEL TILES WORLD	99922	21,338.00	 	6,47,321.34
28 Mar 2022	28 Mar 2022	   TO TRANSFER-INB NEFT UTR NO: SBIN422087520392--NOBEL TILES WORLD	NEFT INB: CNABWTVHD5                              TRANSFER TO 4899157044304 / NOBEL TILES WORLD	99922	21,803.00	 	6,25,518.34
28 Mar 2022	28 Mar 2022	   TO TRANSFER-INB NEFT UTR NO: SBIN422087522472--NOBEL TILES WORLD	NEFT INB: CNABWTVIU3                              TRANSFER TO 4899157044304 / NOBEL TILES WORLD	99922	11,196.00	 	6,14,322.34
28 Mar 2022	28 Mar 2022	   TO TRANSFER-INB Payment towards Invoice/Bill--	CTR7388687               TRANSFER TO 32423647359                           ARAVIND CERAMICS PRIVA / 	99922	8,410.00	 	6,05,912.34
29 Mar 2022	29 Mar 2022	   BULK POSTING-CR_TAMILNADU SANITARY STO          05548442--	 / 	16899	 	11,936.10	6,17,848.44
29 Mar 2022	29 Mar 2022	   BULK POSTING-CR_TAMILNADU SANITARY STO          05549442--	 / 	16899	 	677.28	6,18,525.72
29 Mar 2022	29 Mar 2022	   CASH DEPOSIT-CASH DEPOSIT SELF--	 / 	40236	 	60,000.00	6,78,525.72
29 Mar 2022	29 Mar 2022	CASH HANDLING CHARGES---38976288	 / 38976288	40236	59.00	 	6,78,466.72
29 Mar 2022	29 Mar 2022	   TO TRANSFER-INB NEFT UTR NO: SBIN522088708407--D S Associates	NEFT INB: CNABWUXET6                              TRANSFER TO 4899157044304 / D S Associates	99922	5,343.00	 	6,73,123.72
29 Mar 2022	29 Mar 2022	   TO TRANSFER-INB NEFT UTR NO: SBIN522088710879--D S Associates	NEFT INB: CNABWUXFN4                              TRANSFER TO 4899157044304 / D S Associates	99922	37,552.00	 	6,35,571.72
29 Mar 2022	29 Mar 2022	   TO TRANSFER-INB NEFT UTR NO: SBIN522088714799--D S Associates	NEFT INB: CNABWUXGV1                              TRANSFER TO 4899157044304 / D S Associates	99922	16,192.00	 	6,19,379.72
29 Mar 2022	29 Mar 2022	   TO TRANSFER-INB NEFT UTR NO: SBIN522088723854--SRI SENI Enterprises	NEFT INB: CNABWUXID9                              TRANSFER TO 4899157044304 / SRI SENI Enterprises	99922	20,648.00	 	5,98,731.72
29 Mar 2022	29 Mar 2022	   TO TRANSFER-INB NEFT UTR NO: SBIN522088725015--Sattar Sanitary Stores	NEFT INB: CNABWUXJY7                              TRANSFER TO 4899157044304 / Sattar Sanitary Stores	99922	20,000.00	 	5,78,731.72
29 Mar 2022	29 Mar 2022	   TO TRANSFER-INB Payment towards Invoice/Bill--	CTR7525816               TRANSFER TO 32818937606                           GOLDEN HARDWARE CENTRE / 	99922	3,500.00	 	5,75,231.72
29 Mar 2022	29 Mar 2022	   TO TRANSFER-INB NEFT UTR NO: SBIN522088733570--ASHOK SANITARYWARE	NEFT INB: CNABWUXLG3                              TRANSFER TO 4899157044304 / ASHOK SANITARYWARE	99922	1,350.00	 	5,73,881.72
29 Mar 2022	29 Mar 2022	   TO TRANSFER-INB NEFT UTR NO: SBIN522088732367--SHYAMS ENTERPRISES	NEFT INB: CNABWUXMM2                              TRANSFER TO 4899157044304 / SHYAMS ENTERPRISES	99922	4,460.00	 	5,69,421.72
29 Mar 2022	29 Mar 2022	   TO TRANSFER-INB NEFT UTR NO: SBIN522088739432--SHYAMS ENTERPRISES	NEFT INB: CNABWUXMX0                              TRANSFER TO 4899157044304 / SHYAMS ENTERPRISES	99922	6,500.00	 	5,62,921.72
29 Mar 2022	29 Mar 2022	   TO TRANSFER-INB NEFT UTR NO: SBIN522088739782--MANGALAM SANITARY	NEFT INB: CNABWUXPK9                              TRANSFER TO 4899157044304 / MANGALAM SANITARY	99922	2,874.00	 	5,60,047.72
29 Mar 2022	29 Mar 2022	   TO TRANSFER-INB NEFT UTR NO: SBIN522088741357--SHRI Venkateswar Agency	NEFT INB: CNABWUXOX7                              TRANSFER TO 4899157044304 / SHRI Venkateswar Agency	99922	5,500.00	 	5,54,547.72
29 Mar 2022	29 Mar 2022	   TO TRANSFER-INB NEFT UTR NO: SBIN522088746572--Shri Krishna Enterprises	NEFT INB: CNABWUXRD2                              TRANSFER TO 4899157044304 / Shri Krishna Enterprises	99922	5,773.00	 	5,48,774.72
29 Mar 2022	29 Mar 2022	   TO TRANSFER-INB NEFT UTR NO: SBIN522088748897--GUPTA SALES CORPORATION	NEFT INB: CNABWUXTE7                              TRANSFER TO 4899157044304 / GUPTA SALES CORPORATION	99922	7,821.00	 	5,40,953.72
29 Mar 2022	29 Mar 2022	   TO TRANSFER-INB NEFT UTR NO: SBIN522088751536--K M CERAMICS	NEFT INB: CNABWUXTT4                              TRANSFER TO 4899157044304 / K M CERAMICS	99922	25,400.00	 	5,15,553.72
30 Mar 2022	30 Mar 2022	   TO TRANSFER-INB NEFT UTR NO: SBIN522089995492--Super Trading Corporation	NEFT INB: CNABWVGFI1                              TRANSFER TO 4899157044304 / Super Trading Corporation	99922	8,600.00	 	5,06,953.72
30 Mar 2022	30 Mar 2022	   TO TRANSFER-INB NEFT UTR NO: SBIN522089997841--Superflo private limited	NEFT INB: CNABWVGIA3                              TRANSFER TO 4899157044304 / Superflo private limited	99922	8,275.00	 	4,98,678.72
30 Mar 2022	30 Mar 2022	   TO TRANSFER-INB Payment towards Invoice/Bill--	CTR7572709               TRANSFER TO 32423647359                           ARAVIND CERAMICS PRIVA / 	99922	12,640.00	 	4,86,038.72
30 Mar 2022	30 Mar 2022	   TO TRANSFER-INB NEFT UTR NO: SBIN122089000745--NOBEL TILES WORLD	NEFT INB: CNABWVGLO6                              TRANSFER TO 4899157044304 / NOBEL TILES WORLD	99922	20,000.00	 	4,66,038.72
30 Mar 2022	30 Mar 2022	   TO TRANSFER-INB NEFT UTR NO: SBIN122089002156--NOBEL TILES WORLD	NEFT INB: CNABWVGNO4                              TRANSFER TO 4899157044304 / NOBEL TILES WORLD	99922	6,902.00	 	4,59,136.72
30 Mar 2022	30 Mar 2022	   TO TRANSFER-INB Payment towards Invoice/Bill--	CTR7575915               TRANSFER TO 57002369188                           NELLAI CERAMIC CENTRE / 	99922	3,675.00	 	4,55,461.72
30 Mar 2022	30 Mar 2022	   TO TRANSFER-INB NEFT UTR NO: SBIN122089002924--ANCHOR DISTRIBUTION SYSTEMS	NEFT INB: CNABWVGQZ4                              TRANSFER TO 4899157044304 / ANCHOR DISTRIBUTION SYSTEMS	99922	7,852.00	 	4,47,609.72
30 Mar 2022	30 Mar 2022	   TO TRANSFER-INB NEFT UTR NO: SBIN122089005645--Andavar Marketing PVT LTD	NEFT INB: CNABWVGSH6                              TRANSFER TO 4899157044304 / Andavar Marketing PVT LTD	99922	1,360.00	 	4,46,249.72
30 Mar 2022	30 Mar 2022	   BULK POSTING-CR_TAMILNADU SANITARY STO          05548442--	 / 	16899	 	31,028.30	4,77,278.02
30 Mar 2022	30 Mar 2022	BY CLEARING / CHEQUE-CBI   600016051-021073 600002332--21073	 / 21073	10395	 	20,000.00	4,97,278.02
30 Mar 2022	30 Mar 2022	   CASH DEPOSIT-CASH DEPOSIT SELF--	 / 	40236	 	34,500.00	5,31,778.02
30 Mar 2022	30 Mar 2022	CASH HANDLING CHARGES---38976288	 / 38976288	40236	59.00	 	5,31,719.02
30 Mar 2022	30 Mar 2022	   BY TRANSFER-UPI/CR/208946576189/NOEL LEO J/BARB/johnnoelle/San--	TRANSFER FROM 5098427162095 / 	40236	 	4,440.00	5,36,159.02
30 Mar 2022	30 Mar 2022	   OUT-CHQ RETURN-01Funds Insufficienttd /stalefy)--	 / 	10395	20,000.00	 	5,16,159.02
30 Mar 2022	30 Mar 2022	cheque returned charges---21073	 / 21073	10395	295.00	 	5,15,864.02
31 Mar 2022	31 Mar 2022	TO CLEARING-CIT   BHARTI AIRTEL LCLLN AC--250729	 / 250729	10395	4,128.92	 	5,11,735.10
31 Mar 2022	31 Mar 2022	CASH CHEQUE-CASH WITHDRAWAL BY CHQ--250728	 / 250728	40236	25,000.00	 	4,86,735.10
31 Mar 2022	31 Mar 2022	   TO TRANSFER-INB NEFT UTR NO: SBIN322090300187--K N Industries	NEFT INB: CNABWWWCQ8                              TRANSFER TO 4899157044304 / K N Industries	99922	5,900.00	 	4,80,835.10
31 Mar 2022	31 Mar 2022	   TO TRANSFER-INB NEFT UTR NO: SBIN322090308043--D S Associates	NEFT INB: CNABWWWEJ0                              TRANSFER TO 4899157044304 / D S Associates	99922	3,526.00	 	4,77,309.10
31 Mar 2022	31 Mar 2022	   TO TRANSFER-INB NEFT UTR NO: SBIN322090308919--D S Associates	NEFT INB: CNABWWWGH3                              TRANSFER TO 4899157044304 / D S Associates	99922	15,994.00	 	4,61,315.10
31 Mar 2022	31 Mar 2022	   TO TRANSFER-INB NEFT UTR NO: SBIN322090310896--SRI SENI Enterprises	NEFT INB: CNABWWWIE2                              TRANSFER TO 4899157044304 / SRI SENI Enterprises	99922	9,200.00	 	4,52,115.10
31 Mar 2022	31 Mar 2022	   TO TRANSFER-INB NEFT UTR NO: SBIN322090314874--Sattar Sanitary Stores	NEFT INB: CNABWWWJG2                              TRANSFER TO 4899157044304 / Sattar Sanitary Stores	99922	9,736.00	 	4,42,379.10
31 Mar 2022	31 Mar 2022	   TO TRANSFER-INB NEFT UTR NO: SBIN322090318470--Sattar Sanitary Stores	NEFT INB: CNABWWWMF1                              TRANSFER TO 4899157044304 / Sattar Sanitary Stores	99922	1,883.00	 	4,40,496.10
31 Mar 2022	31 Mar 2022	   TO TRANSFER-INB NEFT UTR NO: SBIN322090320955--Lakshmi Hayagrivaa Maarketing	NEFT INB: CNABWWWOO6                              TRANSFER TO 4899157044304 / Lakshmi Hayagrivaa Maarketing	99922	5,806.00	 	4,34,690.10
31 Mar 2022	31 Mar 2022	   TO TRANSFER-INB NEFT UTR NO: SBIN322090325558--PROVIDENT MARKETING	NEFT INB: CNABWWWRN8                              TRANSFER TO 4899157044304 / PROVIDENT MARKETING	99922	5,000.00	 	4,29,690.10
31 Mar 2022	31 Mar 2022	   BY TRANSFER-NEFT*DBSS0IN0811*0811OP2103652330*Chemplast Sanmar--	TRANSFER FROM 3199416044303 / 	4430	 	2,393.00	4,32,083.10
31 Mar 2022	31 Mar 2022	   BY TRANSFER-UPI/CR/209073799632/ELUMALAI A/CNRB/sukran7mal/UPI--	TRANSFER FROM 5099067162095 / 	40236	 	21,500.00	4,53,583.10
31 Mar 2022	31 Mar 2022	   CASH DEPOSIT-CASH DEPOSIT SELF--	 / 	40236	 	19,000.00	4,72,583.10
31 Mar 2022	31 Mar 2022	CASH HANDLING CHARGES---38976288	 / 38976288	40236	59.00	 	4,72,524.10
31 Mar 2022	31 Mar 2022	   BY TRANSFER-NEFT*ICIC0000009*CMS2488829955*THG PUBLISHING PVT--	TRANSFER FROM 3199677044304 / 	4430	 	430.00	4,72,954.10
31 Mar 2022	31 Mar 2022	   BY TRANSFER-NEFT*ICIC0000009*CMS2488829958*THG PUBLISHING PVT--	TRANSFER FROM 3199676044305 / 	4430	 	4,460.00	4,77,414.10
31 Mar 2022	31 Mar 2022	   BY TRANSFER-NEFT*ICIC0000009*CMS2488829956*THG PUBLISHING PVT--	TRANSFER FROM 3199964044308 / 	4430	 	6,000.00	4,83,414.10

**This is a computer generated statement and does not require a signature