Account Name       :                	TAMILNADU SANITARY STORES
Address            :	NO 143,  KUTCHERY ROAD,  MYLAPORE  Chennai
                                    	CHENNAI
                                    	TAMILNADU-600004
                                    	India
Date               :                	2 Oct 2021
Account Number     :	_00000030976446269
Account Description:	CA-REGULAR-PUB-OTH-ALL-INR
Branch             :	SANTHOME
Drawing Power      :	0.00
Interest Rate(% p.a.):	0.0
MOD Balance      :	0.00
CIF No.          :	_85676868920
IFS Code         :	SBIN0040236
MICR Code        :	_600002332
Balance on 1 Sep 2021        :	8,46,295.10
Start Date          :	1 Sep 2021
End Date            :	30 Sep 2021
Txn Date	Value Date	Description	Ref No./Cheque No.	Branch Code	        Debit	Credit	Balance	
1 Sep 2021	1 Sep 2021	   BY TRANSFER-UPI/CR/124419083714/KALIDAS R/BARB/das38558@o/UPI--	TRANSFER FROM 5098964162093 / 	40236	 	7,000.00	8,53,295.10
1 Sep 2021	1 Sep 2021	   BY TRANSFER-NEFT*UTIB0000014*AXMB212449330949*MUTHATHA RAMANAT--	TRANSFER FROM 3199682044307 / 	4430	 	13,080.00	8,66,375.10
2 Sep 2021	2 Sep 2021	   CASH DEPOSIT-CASH DEPOSIT SELF--	 / 	40236	 	17,500.00	8,83,875.10
2 Sep 2021	2 Sep 2021	BY CLEARING / CHEQUE-PNB   600024029-752439 600002332--752439	 / 752439	10395	 	19,337.00	9,03,212.10
2 Sep 2021	2 Sep 2021	   BY TRANSFER-INB IMPS124512637370/9840761341/XX6292/Deposit--	MAA000860031213          MAA000860031213          TRANSFER FROM 4897998162097 / 	99922	 	10,000.00	9,13,212.10
2 Sep 2021	2 Sep 2021	   BULK POSTING-CR_TAMILNADU SANITARY STO             05549442  01--	 / 	16899	 	2,340.53	9,15,552.63
2 Sep 2021	2 Sep 2021	   OUT-CHQ RETURN-01Funds Insufficientase specify)and present againr--	 / 	10395	19,337.00	 	8,96,215.63
2 Sep 2021	2 Sep 2021	cheque returned charges---752439	 / 752439	10395	295.00	 	8,95,920.63
3 Sep 2021	3 Sep 2021	   CASH DEPOSIT-CASH DEPOSIT SELF--	 / 	40236	 	18,500.00	9,14,420.63
3 Sep 2021	3 Sep 2021	   BULK POSTING-CR_TAMILNADU SANITARY STO             05549442  02--	 / 	16899	 	4,297.37	9,18,718.00
3 Sep 2021	3 Sep 2021	   TO TRANSFER-INB NEFT UTR NO: SBIN221246469275--ARUNKUMAR MANOHARAN	NEFT INB: CNABPGVYD7                              TRANSFER TO 3197944044306 / ARUNKUMAR MANOHARAN	99922	5,000.00	 	9,13,718.00
3 Sep 2021	3 Sep 2021	   TO TRANSFER-INB NEFT UTR NO: SBIN221246470133--Sultan Sanitary Stores	NEFT INB: CNABPGWAC7                              TRANSFER TO 3197944044306 / Sultan Sanitary Stores	99922	2,407.00	 	9,11,311.00
3 Sep 2021	3 Sep 2021	   TO TRANSFER-INB NEFT UTR NO: SBIN221246474650--Andavar Marketing PVT LTD	NEFT INB: CNABPGWCT0                              TRANSFER TO 3197944044306 / Andavar Marketing PVT LTD	99922	6,820.00	 	9,04,491.00
4 Sep 2021	4 Sep 2021	   TO TRANSFER-INB NEFT UTR NO: SBIN321247340064--Sri Sai Trading Company Tiles  and	NEFT INB: CNABPHPAM8                              TRANSFER TO 3197944044306 / Sri Sai Trading Company Tiles  and	99922	8,800.00	 	8,95,691.00
4 Sep 2021	4 Sep 2021	   TO TRANSFER-INB NEFT UTR NO: SBIN321247340287--D S Associates	NEFT INB: CNABPHPCF8                              TRANSFER TO 3197944044306 / D S Associates	99922	29,858.00	 	8,65,833.00
4 Sep 2021	4 Sep 2021	   TO TRANSFER-INB NEFT UTR NO: SBIN321247340705--Shri Krishna Enterprises	NEFT INB: CNABPHPCB2                              TRANSFER TO 3197944044306 / Shri Krishna Enterprises	99922	4,177.00	 	8,61,656.00
4 Sep 2021	4 Sep 2021	   TO TRANSFER-INB NEFT UTR NO: SBIN321247340835--Sri Ganapathy Enterprises	NEFT INB: CNABPHPDX3                              TRANSFER TO 3197944044306 / Sri Ganapathy Enterprises	99922	1,600.00	 	8,60,056.00
4 Sep 2021	4 Sep 2021	   TO TRANSFER-INB NEFT UTR NO: SBIN321247343339--RAAJ agency	NEFT INB: CNABPHPEN4                              TRANSFER TO 3197944044306 / RAAJ agency	99922	9,204.00	 	8,50,852.00
4 Sep 2021	4 Sep 2021	   TO TRANSFER-INB NEFT UTR NO: SBIN321247343787--SRI SENI Enterprises	NEFT INB: CNABPHPEF5                              TRANSFER TO 3197944044306 / SRI SENI Enterprises	99922	8,099.00	 	8,42,753.00
4 Sep 2021	4 Sep 2021	   TO TRANSFER-INB NEFT UTR NO: SBIN321247344634--Parmeeth Distributors	NEFT INB: CNABPHPGU9                              TRANSFER TO 3197944044306 / Parmeeth Distributors	99922	1,632.00	 	8,41,121.00
4 Sep 2021	4 Sep 2021	   TO TRANSFER-INB NEFT UTR NO: SBIN321247345578--SHYAMS ENTERPRISES	NEFT INB: CNABPHPGZ9                              TRANSFER TO 3197944044306 / SHYAMS ENTERPRISES	99922	982.00	 	8,40,139.00
4 Sep 2021	4 Sep 2021	   BULK POSTING-CR_TAMILNADU SANITARY STO             05548442  03--	 / 	16899	 	1,593.60	8,41,732.60
4 Sep 2021	4 Sep 2021	   BULK POSTING-CR_TAMILNADU SANITARY STO             05549442  03--	 / 	16899	 	11,034.61	8,52,767.21
5 Sep 2021	5 Sep 2021	   BULK POSTING-CR_TAMILNADU SANITARY STO             05549442  04--	 / 	16899	 	1,989.45	8,54,756.66
7 Sep 2021	7 Sep 2021	TO CLEARING-HDF   NATIONALCERAMICCENTRE--555476	 / 555476	10395	900.00	 	8,53,856.66
7 Sep 2021	7 Sep 2021	   BULK POSTING-CR_TAMILNADU SANITARY STO             05549442  06--	 / 	16899	 	9,535.65	8,63,392.31
7 Sep 2021	7 Sep 2021	   CASH DEPOSIT-CASH DEPOSIT SELF--	 / 	40236	 	19,000.00	8,82,392.31
7 Sep 2021	7 Sep 2021	   TO TRANSFER-INB Salary Payment--	CTP1575399               TRANSFER TO 32950808735                           Mr. KASI  R / 	99922	17,000.00	 	8,65,392.31
7 Sep 2021	7 Sep 2021	   TO TRANSFER-INB Salary Payment--	CTP1575564               TRANSFER TO 31054735034                           Mr. NOUSHAD  ABDUL SAL / 	99922	14,500.00	 	8,50,892.31
7 Sep 2021	7 Sep 2021	   TO TRANSFER-INB NEFT UTR NO: SBIN521250727715--G Shanmugam Traders	NEFT INB: CNABPKTEH5                              TRANSFER TO 3197944044306 / G Shanmugam Traders	99922	2,676.00	 	8,48,216.31
7 Sep 2021	7 Sep 2021	   TO TRANSFER-INB Payment towards Invoice/Bill--	CTP1576225               TRANSFER TO 57002369188                           NELLAI CERAMIC CENTRE / 	99922	4,206.00	 	8,44,010.31
7 Sep 2021	7 Sep 2021	   TO TRANSFER-INB NEFT UTR NO: SBIN521250732477--International Sales Corporation	NEFT INB: CNABPKTJA8                              TRANSFER TO 3197944044306 / International Sales Corporation	99922	3,894.00	 	8,40,116.31
7 Sep 2021	7 Sep 2021	   TO TRANSFER-INB NEFT UTR NO: SBIN521250741234--TRISHLA CORPORATION	NEFT INB: CNABPKTLO4                              TRANSFER TO 3197944044306 / TRISHLA CORPORATION	99922	3,486.00	 	8,36,630.31
7 Sep 2021	7 Sep 2021	   TO TRANSFER-INB NEFT UTR NO: SBIN521250743522--NOBEL TILES WORLD	NEFT INB: CNABPKTNW6                              TRANSFER TO 3197944044306 / NOBEL TILES WORLD	99922	15,855.00	 	8,20,775.31
7 Sep 2021	7 Sep 2021	   BY TRANSFER-INB plumbing items--	IT00HIOWH5               TRANSFER FROM 57000289000                         Mrs. GAYATRI  R / 	99922	 	1,600.00	8,22,375.31
8 Sep 2021	8 Sep 2021	TO CLEARING-TMB   THE DELUXE HARDWARES--555477	 / 555477	10395	2,230.00	 	8,20,145.31
8 Sep 2021	8 Sep 2021	   CASH DEPOSIT-CASH DEPOSIT SELF--	 / 	40236	 	26,500.00	8,46,645.31
9 Sep 2021	9 Sep 2021	   BY TRANSFER-NEFT*IBKL0000010*ICMS210909003H5R*MODI CARE LIMITE--	TRANSFER FROM 3199962044300 / 	4430	 	152.00	8,46,797.31
9 Sep 2021	9 Sep 2021	BY CLEARING / CHEQUE-KCU   600054002-263798 600002332--263798	 / 263798	10395	 	10,000.00	8,56,797.31
9 Sep 2021	9 Sep 2021	   CASH DEPOSIT-CASH DEPOSIT SELF--	 / 	40236	 	20,000.00	8,76,797.31
9 Sep 2021	9 Sep 2021	   TO TRANSFER-INB NEFT UTR NO: SBIN321252502273--Andavar Marketing PVT LTD	NEFT INB: CNABPNFCA7                              TRANSFER TO 3197944044306 / Andavar Marketing PVT LTD	99922	930.00	 	8,75,867.31
9 Sep 2021	9 Sep 2021	   TO TRANSFER-INB NEFT UTR NO: SBIN321252505058--AJANTHA BATHROOM PRODUCTS AND PIPES	NEFT INB: CNABPNFER3                              TRANSFER TO 3197944044306 / AJANTHA BATHROOM PRODUCTS AND PIPES	99922	17,431.00	 	8,58,436.31
9 Sep 2021	9 Sep 2021	   TO TRANSFER-INB NEFT UTR NO: SBIN321252504820--AJANTHA BATHROOM PRODUCTS AND PIPES	NEFT INB: CNABPNFEJ3                              TRANSFER TO 3197944044306 / AJANTHA BATHROOM PRODUCTS AND PIPES	99922	6,726.00	 	8,51,710.31
9 Sep 2021	9 Sep 2021	   TO TRANSFER-INB NEFT UTR NO: SBIN321252507587--TRISHLA AGENCIES	NEFT INB: CNABPNFHU3                              TRANSFER TO 3197944044306 / TRISHLA AGENCIES	99922	6,666.00	 	8,45,044.31
10 Sep 2021	10 Sep 2021	   TO TRANSFER-INB NEFT UTR NO: SBIN421253402525--D S Associates	NEFT INB: CNABPNZQE2                              TRANSFER TO 3197944044306 / D S Associates	99922	17,077.00	 	8,27,967.31
10 Sep 2021	10 Sep 2021	   TO TRANSFER-INB NEFT UTR NO: SBIN421253402263--Andavar Marketing PVT LTD	NEFT INB: CNABPNZQK5                              TRANSFER TO 3197944044306 / Andavar Marketing PVT LTD	99922	10,361.00	 	8,17,606.31
10 Sep 2021	10 Sep 2021	   TO TRANSFER-INB NEFT UTR NO: SBIN421253403197--Sri Kesava Traders	NEFT INB: CNABPNZQT9                              TRANSFER TO 3197944044306 / Sri Kesava Traders	99922	4,830.00	 	8,12,776.31
10 Sep 2021	10 Sep 2021	   TO TRANSFER-INB NEFT UTR NO: SBIN421253403820--PROVIDENT MARKETING	NEFT INB: CNABPNZSP2                              TRANSFER TO 3197944044306 / PROVIDENT MARKETING	99922	3,268.00	 	8,09,508.31
10 Sep 2021	10 Sep 2021	   TO TRANSFER-INB NEFT UTR NO: SBIN421253411434--VALLI STEEL INDUSTRIES PVT LTD	NEFT INB: CNABPOAEO7                              TRANSFER TO 3197944044306 / VALLI STEEL INDUSTRIES PVT LTD	99922	10,000.00	 	7,99,508.31
10 Sep 2021	10 Sep 2021	   TO TRANSFER-INB NEFT UTR NO: SBIN421253412786--MANGALAM SANITARY	NEFT INB: CNABPOAFR4                              TRANSFER TO 3197944044306 / MANGALAM SANITARY	99922	11,000.00	 	7,88,508.31
10 Sep 2021	10 Sep 2021	   TO TRANSFER-INB NEFT UTR NO: SBIN421253414132--Sattar Sanitary Stores	NEFT INB: CNABPOAFZ5                              TRANSFER TO 3197944044306 / Sattar Sanitary Stores	99922	9,898.00	 	7,78,610.31
10 Sep 2021	10 Sep 2021	   BY TRANSFER-UPI/CR/125306429909/MD TOHIDUL/KARB/7550147541/Pay--	TRANSFER FROM 4693456162091 / 	1	 	1.00	7,78,611.31
10 Sep 2021	10 Sep 2021	   BY TRANSFER-UPI/CR/125374448824/MD TOHIDUL/KARB/7550147541/Pay--	TRANSFER FROM 5099105162094 / 	1	 	38,700.00	8,17,311.31
10 Sep 2021	10 Sep 2021	BY CLEARING / CHEQUE-CAB   600015181-281793 600002332--281793	 / 281793	10395	 	2,700.00	8,20,011.31
11 Sep 2021	11 Sep 2021	   BULK POSTING-CR_TAMILNADU SANITARY STO             05549442  10--	 / 	16899	 	6,025.32	8,26,036.63
11 Sep 2021	11 Sep 2021	   TO TRANSFER-INB ICICI_CC Payments--	WSBI0262110997CHH4173638               TRANSFER TO 3199614162093 / 	99922	12,600.00	 	8,13,436.63
12 Sep 2021	12 Sep 2021	   BULK POSTING-CR_TAMILNADU SANITARY STO             05549442  11--	 / 	16899	 	7,118.54	8,20,555.17
13 Sep 2021	13 Sep 2021	   CASH DEPOSIT-CASH DEPOSIT SELF--	 / 	40236	 	53,000.00	8,73,555.17
13 Sep 2021	13 Sep 2021	   BULK POSTING-CR_TAMILNADU SANITARY STO             05549442  12--	 / 	16899	 	2,770.26	8,76,325.43
13 Sep 2021	13 Sep 2021	   TO TRANSFER-INB NEFT UTR NO: SBIN521256909956--Andavar Marketing PVT LTD	NEFT INB: CNABPQDAA3                              TRANSFER TO 3197944044306 / Andavar Marketing PVT LTD	99922	16,836.00	 	8,59,489.43
13 Sep 2021	13 Sep 2021	   TO TRANSFER-INB NEFT UTR NO: SBIN521256910392--Andavar Marketing PVT LTD	NEFT INB: CNABPQDCB9                              TRANSFER TO 3197944044306 / Andavar Marketing PVT LTD	99922	6,000.00	 	8,53,489.43
13 Sep 2021	13 Sep 2021	   TO TRANSFER-INB NEFT UTR NO: SBIN521256916305--Sattar Sanitary Stores	NEFT INB: CNABPQDEY4                              TRANSFER TO 3197944044306 / Sattar Sanitary Stores	99922	7,874.00	 	8,45,615.43
13 Sep 2021	13 Sep 2021	   TO TRANSFER-INB NEFT UTR NO: SBIN521256918556--D S Associates	NEFT INB: CNABPQDHC9                              TRANSFER TO 3197944044306 / D S Associates	99922	9,006.00	 	8,36,609.43
13 Sep 2021	13 Sep 2021	   TO TRANSFER-INB NEFT UTR NO: SBIN521256920735--D S Associates	NEFT INB: CNABPQDHR6                              TRANSFER TO 3197944044306 / D S Associates	99922	4,283.00	 	8,32,326.43
13 Sep 2021	13 Sep 2021	   TO TRANSFER-INB NEFT UTR NO: SBIN521256923870--SRI SENI Enterprises	NEFT INB: CNABPQDIZ6                              TRANSFER TO 3197944044306 / SRI SENI Enterprises	99922	5,269.00	 	8,27,057.43
13 Sep 2021	13 Sep 2021	   TO TRANSFER-INB NEFT UTR NO: SBIN521256928829--AJANTHA BATHROOM PRODUCTS AND PIPES	NEFT INB: CNABPQDLX2                              TRANSFER TO 3197944044306 / AJANTHA BATHROOM PRODUCTS AND PIPES	99922	15,583.00	 	8,11,474.43
13 Sep 2021	13 Sep 2021	   TO TRANSFER-INB Payment towards Invoice/Bill--	CTP2287778               TRANSFER TO 57002369188                           NELLAI CERAMIC CENTRE / 	99922	2,818.00	 	8,08,656.43
14 Sep 2021	14 Sep 2021	   BY TRANSFER-UPI/CR/125743463820/R ARUMUGAM/IOBA/latharumug/til--	TRANSFER FROM 4693150162097 / 	40236	 	7,200.00	8,15,856.43
14 Sep 2021	14 Sep 2021	   BULK POSTING-CR_TAMILNADU SANITARY STO             05548442  13--	 / 	16899	 	16,793.53	8,32,649.96
14 Sep 2021	14 Sep 2021	   CASH DEPOSIT-CASH DEPOSIT SELF--	 / 	40236	 	12,500.00	8,45,149.96
14 Sep 2021	14 Sep 2021	BY CLEARING / CHEQUE-GPO   600111003-598551 600002332--598551	 / 598551	10395	 	2,000.00	8,47,149.96
14 Sep 2021	14 Sep 2021	BY CLEARING / CHEQUE-KVB   600053055-000101 600002332--101	 / 101	10395	 	7,690.00	8,54,839.96
14 Sep 2021	14 Sep 2021	   TO TRANSFER-INB NEFT UTR NO: SBIN121257850954--NOBEL TILES WORLD	NEFT INB: CNABPREXP6                              TRANSFER TO 3197944044306 / NOBEL TILES WORLD	99922	10,000.00	 	8,44,839.96
14 Sep 2021	14 Sep 2021	   TO TRANSFER-INB NEFT UTR NO: SBIN121257853577--Sattar Sanitary Stores	NEFT INB: CNABPREYD4                              TRANSFER TO 3197944044306 / Sattar Sanitary Stores	99922	8,751.00	 	8,36,088.96
14 Sep 2021	14 Sep 2021	   TO TRANSFER-INB NEFT UTR NO: SBIN121257856274--SRI SENI Enterprises	NEFT INB: CNABPRFCS7                              TRANSFER TO 3197944044306 / SRI SENI Enterprises	99922	14,133.00	 	8,21,955.96
14 Sep 2021	14 Sep 2021	   TO TRANSFER-INB NEFT UTR NO: SBIN121257865419--AJANTHA BATHROOM PRODUCTS AND PIPES	NEFT INB: CNABPRFKG3                              TRANSFER TO 3197944044306 / AJANTHA BATHROOM PRODUCTS AND PIPES	99922	3,561.00	 	8,18,394.96
14 Sep 2021	14 Sep 2021	   TO TRANSFER-INB NEFT UTR NO: SBIN121257869737--Shiv Shakti Agencies	NEFT INB: CNABPRFLO1                              TRANSFER TO 3197944044306 / Shiv Shakti Agencies	99922	5,822.00	 	8,12,572.96
14 Sep 2021	14 Sep 2021	   TO TRANSFER-INB NEFT UTR NO: SBIN121257948261--Andavar Marketing PVT LTD	NEFT INB: CNABPRGXN6                              TRANSFER TO 3197944044306 / Andavar Marketing PVT LTD	99922	3,115.00	 	8,09,457.96
15 Sep 2021	15 Sep 2021	   BULK POSTING-CR_TAMILNADU SANITARY STO             05548442  14--	 / 	16899	 	1,992.00	8,11,449.96
15 Sep 2021	15 Sep 2021	   CASH DEPOSIT-CASH DEPOSIT SELF--	 / 	40236	 	15,000.00	8,26,449.96
15 Sep 2021	15 Sep 2021	   BY TRANSFER-NEFT*DBSS0IN0811*0811OP1005182315*CHEMPLAST SANMAR--	TRANSFER FROM 3199682044307 / 	4430	 	1,700.00	8,28,149.96
15 Sep 2021	15 Sep 2021	   TO TRANSFER-INB NEFT UTR NO: SBIN321258244532--K M CERAMICS	NEFT INB: CNABPSQHS2                              TRANSFER TO 3197944044306 / K M CERAMICS	99922	15,000.00	 	8,13,149.96
15 Sep 2021	15 Sep 2021	   TO TRANSFER-INB NEFT UTR NO: SBIN321258249038--PROVIDENT MARKETING	NEFT INB: CNABPSQJS9                              TRANSFER TO 3197944044306 / PROVIDENT MARKETING	99922	4,758.00	 	8,08,391.96
15 Sep 2021	15 Sep 2021	   TO TRANSFER-INB NEFT UTR NO: SBIN321258249662--MANGALAM SANITARY	NEFT INB: CNABPSQKF4                              TRANSFER TO 3197944044306 / MANGALAM SANITARY	99922	10,893.00	 	7,97,498.96
15 Sep 2021	15 Sep 2021	   TO TRANSFER-INB NEFT UTR NO: SBIN321258253221--Annam Enterprises	NEFT INB: CNABPSQKT4                              TRANSFER TO 3197944044306 / Annam Enterprises	99922	12,681.00	 	7,84,817.96
15 Sep 2021	15 Sep 2021	   TO TRANSFER-INB NEFT UTR NO: SBIN321258259677--K M CERAMICS	NEFT INB: CNABPSQPE7                              TRANSFER TO 3197944044306 / K M CERAMICS	99922	1,500.00	 	7,83,317.96
15 Sep 2021	15 Sep 2021	   TO TRANSFER-INB Payment towards Invoice/Bill--	CTP2607129               TRANSFER TO 32423647359                           ARAVIND CERAMICS PRIVA / 	99922	23,600.00	 	7,59,717.96
15 Sep 2021	15 Sep 2021	   TO TRANSFER-INB NEFT UTR NO: SBIN321258300866--TRISHLA AGENCIES	NEFT INB: CNABPSRUG3                              TRANSFER TO 3197944044306 / TRISHLA AGENCIES	99922	4,298.00	 	7,55,419.96
16 Sep 2021	16 Sep 2021	   BULK POSTING-CR_TAMILNADU SANITARY STO             05549442  15--	 / 	16899	 	3,110.95	7,58,530.91
16 Sep 2021	16 Sep 2021	   BULK POSTING-CR_TAMILNADU SANITARY STO             05548442  15--	 / 	16899	 	3,423.25	7,61,954.16
16 Sep 2021	16 Sep 2021	   CASH DEPOSIT-CASH DEPOSIT SELF--	 / 	40236	 	23,600.00	7,85,554.16
16 Sep 2021	16 Sep 2021	BY CLEARING / CHEQUE-INB   600019013-457669 600002332--457669	 / 457669	10395	 	17,000.00	8,02,554.16
17 Sep 2021	17 Sep 2021	   BULK POSTING-CR_TAMILNADU SANITARY STO             05549442  16--	 / 	16899	 	44,728.32	8,47,282.48
17 Sep 2021	17 Sep 2021	   BULK POSTING-CR_TAMILNADU SANITARY STO             05548442  16--	 / 	16899	 	971.10	8,48,253.58
17 Sep 2021	17 Sep 2021	   CASH DEPOSIT-CASH DEPOSIT SELF--	 / 	40236	 	12,000.00	8,60,253.58
17 Sep 2021	17 Sep 2021	   TO TRANSFER-INB NEFT UTR NO: SBIN421260786800--Andavar Marketing PVT LTD	NEFT INB: CNABPUKMD3                              TRANSFER TO 3197944044306 / Andavar Marketing PVT LTD	99922	20,791.00	 	8,39,462.58
17 Sep 2021	17 Sep 2021	   TO TRANSFER-INB NEFT UTR NO: SBIN421260790524--K M CERAMICS	NEFT INB: CNABPUKMN5                              TRANSFER TO 3197944044306 / K M CERAMICS	99922	3,440.00	 	8,36,022.58
17 Sep 2021	17 Sep 2021	   TO TRANSFER-INB Payment towards Invoice/Bill--	CTP2841268               TRANSFER TO 57002369188                           NELLAI CERAMIC CENTRE / 	99922	4,503.00	 	8,31,519.58
17 Sep 2021	17 Sep 2021	   DEBIT-POS COMMITMENTCHARGE APR-JUN2021 TID-05548442---	 / 	16899	885.00	 	8,30,634.58
17 Sep 2021	17 Sep 2021	   DEBIT-POS COMMITMENTCHARGE APR-JUN2021 TID-05549442---	 / 	16899	885.00	 	8,29,749.58
18 Sep 2021	18 Sep 2021	   CASH DEPOSIT-CASH DEPOSIT SELF--	 / 	40236	 	22,500.00	8,52,249.58
18 Sep 2021	18 Sep 2021	   BY TRANSFER-UPI/CR/126139840176/MD  TOHI/SBIN/thoidul@yb/Payme--	TRANSFER FROM 4693589162099 / 	1	 	4,500.00	8,56,749.58
18 Sep 2021	18 Sep 2021	   BULK POSTING-REFUND OF POS COMMITMENT CHARGES -05548442---	 / 	16899	 	885.00	8,57,634.58
18 Sep 2021	18 Sep 2021	   BULK POSTING-REFUND OF POS COMMITMENT CHARGES -05549442---	 / 	16899	 	885.00	8,58,519.58
19 Sep 2021	19 Sep 2021	   TO TRANSFER-INB NEFT UTR NO: SBIN521262859719--Lakshmi Hayagrivaa Maarketing	NEFT INB: CNABPVOWU5                              TRANSFER TO 3197944044306 / Lakshmi Hayagrivaa Maarketing	99922	3,610.00	 	8,54,909.58
19 Sep 2021	19 Sep 2021	   TO TRANSFER-INB NEFT UTR NO: SBIN521262859775--BHARATH Enterprises	NEFT INB: CNABPVOWW7                              TRANSFER TO 3197944044306 / BHARATH Enterprises	99922	7,857.00	 	8,47,052.58
19 Sep 2021	19 Sep 2021	   TO TRANSFER-INB NEFT UTR NO: SBIN521262859818--K N Industries	NEFT INB: CNABPVOWY6                              TRANSFER TO 3197944044306 / K N Industries	99922	6,125.00	 	8,40,927.58
19 Sep 2021	19 Sep 2021	   TO TRANSFER-INB NEFT UTR NO: SBIN521262860489--D S Associates	NEFT INB: CNABPVOXE0                              TRANSFER TO 3197944044306 / D S Associates	99922	15,873.00	 	8,25,054.58
19 Sep 2021	19 Sep 2021	   TO TRANSFER-INB NEFT UTR NO: SBIN521262859977--ARUNKUMAR MANOHARAN	NEFT INB: CNABPVOXF5                              TRANSFER TO 3197944044306 / ARUNKUMAR MANOHARAN	99922	6,000.00	 	8,19,054.58
19 Sep 2021	19 Sep 2021	   BULK POSTING-CR_TAMILNADU SANITARY STO             05549442  18--	 / 	16899	 	3,422.80	8,22,477.38
20 Sep 2021	20 Sep 2021	   CASH DEPOSIT-CASH DEPOSIT SELF--	 / 	40236	 	12,000.00	8,34,477.38
20 Sep 2021	20 Sep 2021	   BY TRANSFER-UPI/CR/126322639900/SUMANTH /HDFC/sharmasuma/UPI--	TRANSFER FROM 4899328162097 / 	40236	 	8,400.00	8,42,877.38
20 Sep 2021	20 Sep 2021	   CASH DEPOSIT-CASH DEPOSIT SELF--	 / 	40236	 	17,000.00	8,59,877.38
20 Sep 2021	20 Sep 2021	   BY TRANSFER-UPI/CR/126380106679/DINESHKU/ICIC/dineshdev1/Ashwi--	TRANSFER FROM 4693007162093 / 	40236	 	2,000.00	8,61,877.38
21 Sep 2021	21 Sep 2021	TO CLEARING-HDF   NATIONALCERAMICCENTRE--555479	 / 555479	10395	1,800.00	 	8,60,077.38
21 Sep 2021	21 Sep 2021	   BY TRANSFER-UPI/CR/126471107077/G JAISHA/UTIB/sjai05388@/plumb--	TRANSFER FROM 5098939162093 / 	40236	 	10,250.00	8,70,327.38
21 Sep 2021	21 Sep 2021	   BY TRANSFER-UPI/CR/126471223669/G JAISHA/UTIB/sjai05388@/UPI--	TRANSFER FROM 5098923162091 / 	40236	 	1,900.00	8,72,227.38
21 Sep 2021	21 Sep 2021	   BULK POSTING-CR_TAMILNADU SANITARY STO             05549442  20--	 / 	16899	 	29,897.85	9,02,125.23
21 Sep 2021	21 Sep 2021	   CASH DEPOSIT-CASH DEPOSIT SELF--	 / 	40236	 	11,000.00	9,13,125.23
21 Sep 2021	21 Sep 2021	   BY TRANSFER- For personal use--	TRANSFER FROM 39816216052                         TAMILNADU SANITARY STO / 	40236	 	4,13,223.00	13,26,348.23
21 Sep 2021	21 Sep 2021	CHQ TRANSFER-CHEQUE TRANSFER TO--450444	 / 450444	40236	5,42,000.00	 	7,84,348.23
21 Sep 2021	21 Sep 2021	BY CLEARING / CHEQUE-KOT   600485017-000831 600002332--831	 / 831	10395	 	3,000.00	7,87,348.23
21 Sep 2021	21 Sep 2021	   TO TRANSFER-INB--	110285982266CHH5083417               TRANSFER TO 4599226162099 / 	99922	1,010.08	 	7,86,338.15
21 Sep 2021	21 Sep 2021	   TO TRANSFER-INB NEFT UTR NO: SBIN221264433721--Andavar Marketing PVT LTD	NEFT INB: CNABPXMFW7                              TRANSFER TO 3197944044306 / Andavar Marketing PVT LTD	99922	16,131.00	 	7,70,207.15
21 Sep 2021	21 Sep 2021	   TO TRANSFER-INB NEFT UTR NO: SBIN221264439232--WATERTEC INDIA PVT LTD	NEFT INB: CNABPXMIH4                              TRANSFER TO 3197944044306 / WATERTEC INDIA PVT LTD	99922	10,750.00	 	7,59,457.15
21 Sep 2021	21 Sep 2021	   TO TRANSFER-INB Payment towards Invoice/Bill--	CTP3250387               TRANSFER TO 57002369188                           NELLAI CERAMIC CENTRE / 	99922	2,740.00	 	7,56,717.15
21 Sep 2021	21 Sep 2021	   BY TRANSFER-INB IMPS126418754145/9840251125/XX0307/Towards yo--	MAB000866330976          MAB000866330976          TRANSFER FROM 4597938162095 / 	99922	 	18,930.00	7,75,647.15
22 Sep 2021	22 Sep 2021	   TO TRANSFER-INB--	21093300404632CKR4899080               TRANSFER TO 36959638617                           POOLING ACCOUNT GST-MM / 	99922	35,568.00	 	7,40,079.15
22 Sep 2021	22 Sep 2021	   BULK POSTING-CR_TAMILNADU SANITARY STO             05549442  21--	 / 	16899	 	7,262.15	7,47,341.30
22 Sep 2021	22 Sep 2021	CASH CHEQUE-CASH WITHDRAWAL BY CHQ--450445	 / 450445	40236	15,000.00	 	7,32,341.30
22 Sep 2021	22 Sep 2021	   BY TRANSFER-UPI/CR/126552492725/SAGARIKA/HDFC/sagarikara/sumi--	TRANSFER FROM 4693203162090 / 	40236	 	7,000.00	7,39,341.30
23 Sep 2021	23 Sep 2021	TO CLEARING-KVB   HUSSAIN SANITARY STORES--555478	 / 555478	10395	3,784.00	 	7,35,557.30
23 Sep 2021	23 Sep 2021	   CASH DEPOSIT-CASH DEPOSIT SELF--	 / 	40236	 	32,000.00	7,67,557.30
24 Sep 2021	24 Sep 2021	   BULK POSTING-CR_TAMILNADU SANITARY STO             05549442  23--	 / 	16899	 	7,825.82	7,75,383.12
24 Sep 2021	24 Sep 2021	   CASH DEPOSIT-CASH DEPOSIT SELF--	 / 	40236	 	24,500.00	7,99,883.12
24 Sep 2021	24 Sep 2021	   BY TRANSFER-UPI/CR/126733763613/Mr Raman/CIUB/ramanichan/tiles--	TRANSFER FROM 5099165162094 / 	40236	 	3,360.00	8,03,243.12
25 Sep 2021	25 Sep 2021	   BY TRANSFER-UPI/CR/126840748283/Mr Raman/CIUB/ramanichan/remai--	TRANSFER FROM 4899377162099 / 	40236	 	140.00	8,03,383.12
25 Sep 2021	25 Sep 2021	   BULK POSTING-CR_TAMILNADU SANITARY STO             05549442  24--	 / 	16899	 	5,516.99	8,08,900.11
26 Sep 2021	26 Sep 2021	   BULK POSTING-CR_TAMILNADU SANITARY STO             05549442  25--	 / 	16899	 	17,017.95	8,25,918.06
27 Sep 2021	27 Sep 2021	TO CLEARING-KVB   SHRI VENKATESWAR AGENCY--450441	 / 450441	10395	10,000.00	 	8,15,918.06
27 Sep 2021	27 Sep 2021	   TO TRANSFER-INB NEFT UTR NO: SBIN521270903011--Andavar Marketing PVT LTD	NEFT INB: CNABQBOJV6                              TRANSFER TO 3197944044306 / Andavar Marketing PVT LTD	99922	13,751.00	 	8,02,167.06
27 Sep 2021	27 Sep 2021	   TO TRANSFER-INB NEFT UTR NO: SBIN521270916122--Andavar Marketing PVT LTD	NEFT INB: CNABQBPBG9                              TRANSFER TO 3197944044306 / Andavar Marketing PVT LTD	99922	4,960.00	 	7,97,207.06
27 Sep 2021	27 Sep 2021	   TO TRANSFER-INB NEFT UTR NO: SBIN521270918332--Andavar Marketing PVT LTD	NEFT INB: CNABQBPEQ7                              TRANSFER TO 3197944044306 / Andavar Marketing PVT LTD	99922	4,775.00	 	7,92,432.06
27 Sep 2021	27 Sep 2021	   TO TRANSFER-INB NEFT UTR NO: SBIN521270922433--D S Associates	NEFT INB: CNABQBPLG9                              TRANSFER TO 3197944044306 / D S Associates	99922	22,532.00	 	7,69,900.06
27 Sep 2021	27 Sep 2021	   TO TRANSFER-INB NEFT UTR NO: SBIN521270924214--NOBEL TILES WORLD	NEFT INB: CNABQBPNF2                              TRANSFER TO 3197944044306 / NOBEL TILES WORLD	99922	23,390.00	 	7,46,510.06
27 Sep 2021	27 Sep 2021	   TO TRANSFER-INB NEFT UTR NO: SBIN521270925155--SRI SENI Enterprises	NEFT INB: CNABQBPOZ5                              TRANSFER TO 3197944044306 / SRI SENI Enterprises	99922	8,600.00	 	7,37,910.06
27 Sep 2021	27 Sep 2021	   TO TRANSFER-INB NEFT UTR NO: SBIN521270933826--Sattar Sanitary Stores	NEFT INB: CNABQBPZZ7                              TRANSFER TO 3197944044306 / Sattar Sanitary Stores	99922	6,287.00	 	7,31,623.06
27 Sep 2021	27 Sep 2021	   CASH DEPOSIT-CASH DEPOSIT SELF--	 / 	40236	 	53,500.00	7,85,123.06
27 Sep 2021	27 Sep 2021	   BY TRANSFER-UPI/CR/127013603449/DAYALAN D/KVBL/dayalandur/UPI--	TRANSFER FROM 4692982162099 / 	40236	 	5,600.00	7,90,723.06
28 Sep 2021	28 Sep 2021	TO CLEARING-HDF   NATIONALCERAMICCENTRE--450447	 / 450447	10395	1,350.00	 	7,89,373.06
28 Sep 2021	28 Sep 2021	   TO TRANSFER-INB NEFT UTR NO: SBIN121271789437--Sri Kesava Traders	NEFT INB: CNABQCLOF2                              TRANSFER TO 3197944044306 / Sri Kesava Traders	99922	5,990.00	 	7,83,383.06
28 Sep 2021	28 Sep 2021	   TO TRANSFER-INB NEFT UTR NO: SBIN121271791514--SHYAMS ENTERPRISES	NEFT INB: CNABQCLOM2                              TRANSFER TO 3197944044306 / SHYAMS ENTERPRISES	99922	7,392.00	 	7,75,991.06
28 Sep 2021	28 Sep 2021	   TO TRANSFER-INB NEFT UTR NO: SBIN121271808343--DAYALAN D	NEFT INB: CNABQCMIW1                              TRANSFER TO 3197944044306 / DAYALAN D	99922	5,600.00	 	7,70,391.06
28 Sep 2021	28 Sep 2021	   TO TRANSFER-INB NEFT UTR NO: SBIN121271808630--ARUNKUMAR MANOHARAN	NEFT INB: CNABQCMJC5                              TRANSFER TO 3197944044306 / ARUNKUMAR MANOHARAN	99922	5,000.00	 	7,65,391.06
28 Sep 2021	28 Sep 2021	   CASH DEPOSIT-CASH DEPOSIT SELF--	 / 	40236	 	46,500.00	8,11,891.06
28 Sep 2021	28 Sep 2021	   CASH DEPOSIT-CASH DEPOSIT SELF--	 / 	40236	 	57,000.00	8,68,891.06
28 Sep 2021	28 Sep 2021	   TO TRANSFER-INB NEFT UTR NO: SBIN221271194785--Andavar Marketing PVT LTD	NEFT INB: CNABQCYTG0                              TRANSFER TO 3197944044306 / Andavar Marketing PVT LTD	99922	9,567.00	 	8,59,324.06
28 Sep 2021	28 Sep 2021	   TO TRANSFER-INB NEFT UTR NO: SBIN221271198245--Andavar Marketing PVT LTD	NEFT INB: CNABQCYVO7                              TRANSFER TO 3197944044306 / Andavar Marketing PVT LTD	99922	25,286.00	 	8,34,038.06
28 Sep 2021	28 Sep 2021	   TO TRANSFER-INB NEFT UTR NO: SBIN221271201556--NOBEL TILES WORLD	NEFT INB: CNABQCYVX8                              TRANSFER TO 3197944044306 / NOBEL TILES WORLD	99922	18,720.00	 	8,15,318.06
28 Sep 2021	28 Sep 2021	   TO TRANSFER-INB NEFT UTR NO: SBIN221271205581--NOBEL TILES WORLD	NEFT INB: CNABQCYYU2                              TRANSFER TO 3197944044306 / NOBEL TILES WORLD	99922	1,150.00	 	8,14,168.06
28 Sep 2021	28 Sep 2021	   TO TRANSFER-INB NEFT UTR NO: SBIN221271206640--ANCHOR DISTRIBUTION SYSTEMS	NEFT INB: CNABQCYZD8                              TRANSFER TO 3197944044306 / ANCHOR DISTRIBUTION SYSTEMS	99922	8,143.00	 	8,06,025.06
28 Sep 2021	28 Sep 2021	   TO TRANSFER-INB Payment towards Invoice/Bill--	CTP3983001               TRANSFER TO 57002369188                           NELLAI CERAMIC CENTRE / 	99922	4,390.00	 	8,01,635.06
28 Sep 2021	28 Sep 2021	   TO TRANSFER-INB NEFT UTR NO: SBIN221271213358--K M CERAMICS	NEFT INB: CNABQCZDF3                              TRANSFER TO 3197944044306 / K M CERAMICS	99922	20,000.00	 	7,81,635.06
28 Sep 2021	28 Sep 2021	   BY TRANSFER-UPI/CR/127185848267/Mr R Pra/CIUB/7299100999/Payme--	TRANSFER FROM 4693174162091 / 	1	 	10.00	7,81,645.06
28 Sep 2021	28 Sep 2021	   BY TRANSFER-UPI/CR/127114943754/Mr R Pra/CIUB/7299100999/Payme--	TRANSFER FROM 5098904162093 / 	1	 	5,690.00	7,87,335.06
29 Sep 2021	29 Sep 2021	   BULK POSTING-CR_TAMILNADU SANITARY STO             05549442  28--	 / 	16899	 	12,160.43	7,99,495.49
30 Sep 2021	30 Sep 2021	TO CLEARING-HDF   DAWOODIBOHRAJAMAATTRUSTCH--450448	 / 450448	10395	14,000.00	 	7,85,495.49
30 Sep 2021	30 Sep 2021	   BULK POSTING-CR_TAMILNADU SANITARY STO             05549442  29--	 / 	16899	 	13,460.45	7,98,955.94
30 Sep 2021	30 Sep 2021	   CASH DEPOSIT-CASH DEPOSIT SELF--	 / 	40236	 	23,000.00	8,21,955.94
30 Sep 2021	30 Sep 2021	CASH HANDLING CHARGES---38976288	 / 38976288	40236	59.00	 	8,21,896.94
30 Sep 2021	30 Sep 2021	   BY TRANSFER-UPI/CR/127353217700/E RAJESH/HDFC/rajesh4720/mater--	TRANSFER FROM 5099039162098 / 	20252	 	13,560.00	8,35,456.94
30 Sep 2021	30 Sep 2021	   BY TRANSFER-NEFT*DBSS0IN0811*0811OP1005577502*CHEMPLAST SANMAR--	TRANSFER FROM 3199968044304 / 	4430	 	1,580.00	8,37,036.94

**This is a computer generated statement and does not require a signature