Account Name       :                	TAMILNADU SANITARY STORES
Address            :	NO 143,  KUTCHERY ROAD,  MYLAPORE  Chennai
                                    	CHENNAI
                                    	TAMILNADU-600004
                                    	India
Date               :                	6 May 2022
Account Number     :	_00000030976446269
Account Description:	CA-REGULAR-PUB-OTH-ALL-INR
Branch             :	SANTHOME
Drawing Power      :	0.00
Interest Rate(% p.a.):	0.0
MOD Balance      :	0.00
CIF No.          :	_85676868920
IFS Code         :	SBIN0040236
MICR Code        :	_600002332
Balance on 1 Apr 2022        :	4,83,414.10
Start Date          :	1 Apr 2022
End Date            :	30 Apr 2022
Txn Date	Value Date	Description	Ref No./Cheque No.	Branch Code	        Debit	Credit	Balance	
4 Apr 2022	4 Apr 2022	   BULK POSTING-CR_TAMILNADU SANITARY STO          05549442--	 / 	16899	 	13,059.82	4,96,473.92
4 Apr 2022	4 Apr 2022	   BULK POSTING-CR_TAMILNADU SANITARY STO          05548442--	 / 	16899	 	42,634.84	5,39,108.76
4 Apr 2022	4 Apr 2022	   CASH DEPOSIT-CASH DEPOSIT SELF--	 / 	40236	 	37,253.00	5,76,361.76
4 Apr 2022	4 Apr 2022	   CASH DEPOSIT-CASH DEPOSIT SELF--	 / 	40236	 	33,000.00	6,09,361.76
4 Apr 2022	4 Apr 2022	   BY TRANSFER-UPI/CR/209414290340/PRAKASH /BKID/prakashsha/UPI--	TRANSFER FROM 4693076162092 / 	40236	 	2,500.00	6,11,861.76
5 Apr 2022	5 Apr 2022	   TO TRANSFER-INB NEFT UTR NO: SBIN222095713000--Andavar Marketing PVT LTD	NEFT INB: CNABXBSLI8                              TRANSFER TO 4899157044304 / Andavar Marketing PVT LTD	99922	24,001.00	 	5,87,860.76
5 Apr 2022	5 Apr 2022	   TO TRANSFER-INB NEFT UTR NO: SBIN222095713168--NOBEL TILES WORLD	NEFT INB: CNABXBSMQ0                              TRANSFER TO 4899157044304 / NOBEL TILES WORLD	99922	16,733.00	 	5,71,127.76
5 Apr 2022	5 Apr 2022	   BULK POSTING-CR_TAMILNADU SANITARY STO          05548442--	 / 	16899	 	5,886.81	5,77,014.57
5 Apr 2022	5 Apr 2022	   BULK POSTING-CR_TAMILNADU SANITARY STO          05549442--	 / 	16899	 	939.84	5,77,954.41
5 Apr 2022	5 Apr 2022	   BY TRANSFER-UPI/CR/209591769951/K SRIRAM/ICIC/runninglab/UPI--	TRANSFER FROM 5098888162098 / 	40226	 	4,180.00	5,82,134.41
5 Apr 2022	5 Apr 2022	   BY TRANSFER-UPI/CR/209516325113/K SRIRAM/ICIC/runninglab/UPI--	TRANSFER FROM 4693156162092 / 	40226	 	760.00	5,82,894.41
6 Apr 2022	6 Apr 2022	   BULK POSTING-CR_TAMILNADU SANITARY STO          05549442--	 / 	16899	 	29,180.41	6,12,074.82
6 Apr 2022	6 Apr 2022	   CASH DEPOSIT-CASH DEPOSIT SELF--	 / 	40236	 	52,000.00	6,64,074.82
7 Apr 2022	7 Apr 2022	TO CLEARING-HDF   NATIONALCERAMICCENTRE--250731	 / 250731	10395	1,500.00	 	6,62,574.82
7 Apr 2022	7 Apr 2022	   BULK POSTING-CR_TAMILNADU SANITARY STO          05548442--	 / 	16899	 	22,464.19	6,85,039.01
7 Apr 2022	7 Apr 2022	   BULK POSTING-CR_TAMILNADU SANITARY STO          05549442--	 / 	16899	 	17,000.00	7,02,039.01
8 Apr 2022	8 Apr 2022	   TO TRANSFER-INB NEFT UTR NO: SBIN222098461258--NOBEL TILES WORLD	NEFT INB: CNABXFIUQ5                              TRANSFER TO 4899157044304 / NOBEL TILES WORLD	99922	14,627.00	 	6,87,412.01
8 Apr 2022	8 Apr 2022	   TO TRANSFER-INB NEFT UTR NO: SBIN222098461437--NOBEL TILES WORLD	NEFT INB: CNABXFIWQ5                              TRANSFER TO 4899157044304 / NOBEL TILES WORLD	99922	10,000.00	 	6,77,412.01
8 Apr 2022	8 Apr 2022	   TO TRANSFER-INB NEFT UTR NO: SBIN222098461590--Andavar Marketing PVT LTD	NEFT INB: CNABXFIXA7                              TRANSFER TO 4899157044304 / Andavar Marketing PVT LTD	99922	5,500.00	 	6,71,912.01
8 Apr 2022	8 Apr 2022	   TO TRANSFER-INB NEFT UTR NO: SBIN222098463606--Andavar Marketing PVT LTD	NEFT INB: CNABXFIZO9                              TRANSFER TO 4899157044304 / Andavar Marketing PVT LTD	99922	3,220.00	 	6,68,692.01
8 Apr 2022	8 Apr 2022	   TO TRANSFER-INB NEFT UTR NO: SBIN222098462087--TRISHLA CORPORATION	NEFT INB: CNABXFJAB5                              TRANSFER TO 4899157044304 / TRISHLA CORPORATION	99922	2,117.00	 	6,66,575.01
8 Apr 2022	8 Apr 2022	   TO TRANSFER-INB Salary Payment--	CTR8909180               TRANSFER TO 32950808735                           Mr. KASI  R / 	99922	17,000.00	 	6,49,575.01
8 Apr 2022	8 Apr 2022	   TO TRANSFER-INB Salary Payment--	CTR8909537               TRANSFER TO 31054735034                           Mr. NOUSHAD  ABDUL SAL / 	99922	15,000.00	 	6,34,575.01
8 Apr 2022	8 Apr 2022	   BULK POSTING-CR_TAMILNADU SANITARY STO          05549442--	 / 	16899	 	22,235.02	6,56,810.03
8 Apr 2022	8 Apr 2022	   CASH DEPOSIT-CASH DEPOSIT SELF--	 / 	40236	 	42,500.00	6,99,310.03
9 Apr 2022	9 Apr 2022	   BULK POSTING-CR_TAMILNADU SANITARY STO          05549442--	 / 	16899	 	26,048.13	7,25,358.16
9 Apr 2022	9 Apr 2022	   TO TRANSFER-INB NEFT UTR NO: SBIN422099196007--D S Associates	NEFT INB: CNABXGRBC7                              TRANSFER TO 4899157044304 / D S Associates	99922	13,565.00	 	7,11,793.16
9 Apr 2022	9 Apr 2022	   TO TRANSFER-INB NEFT UTR NO: SBIN422099196194--D S Associates	NEFT INB: CNABXGRBN3                              TRANSFER TO 4899157044304 / D S Associates	99922	19,866.00	 	6,91,927.16
9 Apr 2022	9 Apr 2022	   TO TRANSFER-INB NEFT UTR NO: SBIN422099198416--SRI SENI Enterprises	NEFT INB: CNABXGRFN9                              TRANSFER TO 4899157044304 / SRI SENI Enterprises	99922	12,030.00	 	6,79,897.16
9 Apr 2022	9 Apr 2022	   TO TRANSFER-INB NEFT UTR NO: SBIN422099197250--SRI SENI Enterprises	NEFT INB: CNABXGRFC3                              TRANSFER TO 4899157044304 / SRI SENI Enterprises	99922	7,835.00	 	6,72,062.16
9 Apr 2022	9 Apr 2022	   TO TRANSFER-INB NEFT UTR NO: SBIN422099197874--SHYAMS ENTERPRISES	NEFT INB: CNABXGRGZ6                              TRANSFER TO 4899157044304 / SHYAMS ENTERPRISES	99922	6,000.00	 	6,66,062.16
9 Apr 2022	9 Apr 2022	   TO TRANSFER-INB NEFT UTR NO: SBIN422099199080--Sattar Sanitary Stores	NEFT INB: CNABXGRJH3                              TRANSFER TO 4899157044304 / Sattar Sanitary Stores	99922	10,464.00	 	6,55,598.16
9 Apr 2022	9 Apr 2022	   TO TRANSFER-INB NEFT UTR NO: SBIN422099199739--Sattar Sanitary Stores	NEFT INB: CNABXGRKG3                              TRANSFER TO 4899157044304 / Sattar Sanitary Stores	99922	7,844.00	 	6,47,754.16
9 Apr 2022	9 Apr 2022	   TO TRANSFER-INB NEFT UTR NO: SBIN422099200548--GERMA Sanitarywares PVT LTD	NEFT INB: CNABXGRKS4                              TRANSFER TO 4899157044304 / GERMA Sanitarywares PVT LTD	99922	10,000.00	 	6,37,754.16
9 Apr 2022	9 Apr 2022	   TO TRANSFER-INB NEFT UTR NO: SBIN422099201128--NOBEL TILES WORLD	NEFT INB: CNABXGRNM8                              TRANSFER TO 4899157044304 / NOBEL TILES WORLD	99922	10,830.00	 	6,26,924.16
9 Apr 2022	9 Apr 2022	   BY TRANSFER-UPI/CR/209917661023/Mr SHASW/CIUB/trshash84@/NO RE--	TRANSFER FROM 5098709162095 / 	40236	 	4,100.00	6,31,024.16
10 Apr 2022	10 Apr 2022	   TO TRANSFER-INB NEFT UTR NO: SBIN422100540522--Andavar Marketing PVT LTD	NEFT INB: CNABXHJFR0                              TRANSFER TO 4899157044304 / Andavar Marketing PVT LTD	99922	21,366.00	 	6,09,658.16
10 Apr 2022	10 Apr 2022	   TO TRANSFER-INB NEFT UTR NO: SBIN422100542479--Lakshmi Hayagrivaa Maarketing	NEFT INB: CNABXHJGK2                              TRANSFER TO 4899157044304 / Lakshmi Hayagrivaa Maarketing	99922	3,000.00	 	6,06,658.16
10 Apr 2022	10 Apr 2022	   TO TRANSFER-INB NEFT UTR NO: SBIN422100543690--D S Associates	NEFT INB: CNABXHJGQ0                              TRANSFER TO 4899157044304 / D S Associates	99922	19,052.00	 	5,87,606.16
10 Apr 2022	10 Apr 2022	   TO TRANSFER-INB NEFT UTR NO: SBIN422100542843--NOBEL TILES WORLD	NEFT INB: CNABXHJIJ6                              TRANSFER TO 4899157044304 / NOBEL TILES WORLD	99922	7,106.00	 	5,80,500.16
10 Apr 2022	10 Apr 2022	   TO TRANSFER-INB NEFT UTR NO: SBIN422100543901--SRI SENI Enterprises	NEFT INB: CNABXHJIP6                              TRANSFER TO 4899157044304 / SRI SENI Enterprises	99922	22,723.00	 	5,57,777.16
10 Apr 2022	10 Apr 2022	   TO TRANSFER-INB NEFT UTR NO: SBIN422100542965--D S Associates	NEFT INB: CNABXHJIS7                              TRANSFER TO 4899157044304 / D S Associates	99922	15,000.00	 	5,42,777.16
10 Apr 2022	10 Apr 2022	   TO TRANSFER-INB NEFT UTR NO: SBIN422100544092--NOBEL TILES WORLD	NEFT INB: CNABXHJJU1                              TRANSFER TO 4899157044304 / NOBEL TILES WORLD	99922	9,415.00	 	5,33,362.16
11 Apr 2022	11 Apr 2022	   BULK POSTING-CR_TAMILNADU SANITARY STO          05548442--	 / 	16899	 	5,168.67	5,38,530.83
11 Apr 2022	11 Apr 2022	   BULK POSTING-CR_TAMILNADU SANITARY STO          05549442--	 / 	16899	 	4,681.06	5,43,211.89
11 Apr 2022	11 Apr 2022	   CASH DEPOSIT-CASH DEPOSIT SELF--	 / 	40236	 	64,000.00	6,07,211.89
11 Apr 2022	11 Apr 2022	   BY TRANSFER-UPI/CR/210132211001/R BHARAT/FDRL/bharath.05/UPI--	TRANSFER FROM 4692994162095 / 	40236	 	6,100.00	6,13,311.89
12 Apr 2022	12 Apr 2022	TO CLEARING-FBL   NATIONALTILES--250730	 / 250730	10395	24,360.00	 	5,88,951.89
12 Apr 2022	12 Apr 2022	   BULK POSTING-CR_TAMILNADU SANITARY STO          05548442--	 / 	16899	 	27,588.54	6,16,540.43
12 Apr 2022	12 Apr 2022	   BULK POSTING-CR_TAMILNADU SANITARY STO          05549442--	 / 	16899	 	21,025.74	6,37,566.17
12 Apr 2022	12 Apr 2022	   TO TRANSFER-INB NEFT UTR NO: SBIN122102683117--Andavar Marketing PVT LTD	NEFT INB: CNABXJMUP9                              TRANSFER TO 4899157044304 / Andavar Marketing PVT LTD	99922	13,671.00	 	6,23,895.17
12 Apr 2022	12 Apr 2022	   TO TRANSFER-INB NEFT UTR NO: SBIN122102686314--NOBEL TILES WORLD	NEFT INB: CNABXJMWF8                              TRANSFER TO 4899157044304 / NOBEL TILES WORLD	99922	9,524.00	 	6,14,371.17
12 Apr 2022	12 Apr 2022	   TO TRANSFER-INB NEFT UTR NO: SBIN122102688061--NOBEL TILES WORLD	NEFT INB: CNABXJMWP1                              TRANSFER TO 4899157044304 / NOBEL TILES WORLD	99922	10,000.00	 	6,04,371.17
12 Apr 2022	12 Apr 2022	   TO TRANSFER-INB Payment towards Invoice/Bill--	CTR9478385               TRANSFER TO 57002369188                           NELLAI CERAMIC CENTRE / 	99922	13,919.00	 	5,90,452.17
12 Apr 2022	12 Apr 2022	   TO TRANSFER-INB Payment towards Invoice/Bill--	CTR9478838               TRANSFER TO 32423647359                           ARAVIND CERAMICS PRIVA / 	99922	3,670.00	 	5,86,782.17
12 Apr 2022	12 Apr 2022	   TO TRANSFER-INB NEFT UTR NO: SBIN122102695435--AJANTHA BATHROOM PRODUCTS AND PIPES	NEFT INB: CNABXJNCC3                              TRANSFER TO 4899157044304 / AJANTHA BATHROOM PRODUCTS AND PIPES	99922	25,000.00	 	5,61,782.17
12 Apr 2022	12 Apr 2022	   TO TRANSFER-INB NEFT UTR NO: SBIN122102697117--D S Associates	NEFT INB: CNABXJNEZ7                              TRANSFER TO 4899157044304 / D S Associates	99922	3,434.00	 	5,58,348.17
12 Apr 2022	12 Apr 2022	   BY TRANSFER-UPI/CR/210299288697/Mr JAYAR/CIUB/nelliserry/UPI--	TRANSFER FROM 5098922162092 / 	40236	 	23,700.00	5,82,048.17
13 Apr 2022	13 Apr 2022	TO CLEARING-IOB   JUMMA MASJID--250733	 / 250733	10395	14,550.00	 	5,67,498.17
13 Apr 2022	13 Apr 2022	   BULK POSTING-CR_TAMILNADU SANITARY STO          05549442--	 / 	16899	 	697.20	5,68,195.37
13 Apr 2022	13 Apr 2022	   BULK POSTING-CR_TAMILNADU SANITARY STO          05548442--	 / 	16899	 	8,491.67	5,76,687.04
13 Apr 2022	13 Apr 2022	   CASH DEPOSIT-CASH DEPOSIT SELF--	 / 	40236	 	35,500.00	6,12,187.04
13 Apr 2022	13 Apr 2022	   BY TRANSFER-NEFT*CBIN0283026*CBINH22103760499*SAVERA INDUSTRIE--	TRANSFER FROM 3199960044301 / 	4430	 	10,136.00	6,22,323.04
14 Apr 2022	14 Apr 2022	   BULK POSTING-CR_TAMILNADU SANITARY STO          05549442--	 / 	16899	 	13,853.31	6,36,176.35
14 Apr 2022	14 Apr 2022	   DEBIT-PoS Rent for TID-05548442-Mar'22--	 / 	16899	411.82	 	6,35,764.53
15 Apr 2022	15 Apr 2022	   BULK POSTING-CR_TAMILNADU SANITARY STO          05548442--	 / 	16899	 	1,633.44	6,37,397.97
15 Apr 2022	15 Apr 2022	   BULK POSTING-CR_TAMILNADU SANITARY STO          05549442--	 / 	16899	 	636.35	6,38,034.32
15 Apr 2022	15 Apr 2022	   BY TRANSFER-INB IMPS210512480322/7200089885/XX1342/Kitchen Si--	MAF000093382617          MAF000093382617          TRANSFER FROM 4597950162098 / 	99922	 	8,380.00	6,46,414.32
16 Apr 2022	16 Apr 2022	   BULK POSTING-CR_TAMILNADU SANITARY STO          05548442--	 / 	16899	 	1,095.60	6,47,509.92
16 Apr 2022	16 Apr 2022	   CASH DEPOSIT-CASH DEPOSIT SELF--	 / 	40236	 	89,500.00	7,37,009.92
17 Apr 2022	17 Apr 2022	   TO TRANSFER-INB NEFT UTR NO: SBIN122107059602--Andavar Marketing PVT LTD	NEFT INB: CNABXNONK0                              TRANSFER TO 4899157044304 / Andavar Marketing PVT LTD	99922	520.00	 	7,36,489.92
17 Apr 2022	17 Apr 2022	   TO TRANSFER-INB NEFT UTR NO: SBIN122107058897--Andavar Marketing PVT LTD	NEFT INB: CNABXNONM8                              TRANSFER TO 4899157044304 / Andavar Marketing PVT LTD	99922	10,081.00	 	7,26,408.92
17 Apr 2022	17 Apr 2022	   TO TRANSFER-INB Payment towards Invoice/Bill--	CTR9975749               TRANSFER TO 57002369188                           NELLAI CERAMIC CENTRE / 	99922	12,794.00	 	7,13,614.92
17 Apr 2022	17 Apr 2022	   TO TRANSFER-INB NEFT UTR NO: SBIN122107058980--NOBEL TILES WORLD	NEFT INB: CNABXNOPI7                              TRANSFER TO 4899157044304 / NOBEL TILES WORLD	99922	12,515.00	 	7,01,099.92
17 Apr 2022	17 Apr 2022	   TO TRANSFER-INB NEFT UTR NO: SBIN122107060157--D S Associates	NEFT INB: CNABXNOPO3                              TRANSFER TO 4899157044304 / D S Associates	99922	12,364.00	 	6,88,735.92
17 Apr 2022	17 Apr 2022	   TO TRANSFER-INB NEFT UTR NO: SBIN122107060563--D S Associates	NEFT INB: CNABXNOPS0                              TRANSFER TO 4899157044304 / D S Associates	99922	13,721.00	 	6,75,014.92
17 Apr 2022	17 Apr 2022	   TO TRANSFER-INB NEFT UTR NO: SBIN122107060358--SRI SENI Enterprises	NEFT INB: CNABXNOPX6                              TRANSFER TO 4899157044304 / SRI SENI Enterprises	99922	11,512.00	 	6,63,502.92
17 Apr 2022	17 Apr 2022	   TO TRANSFER-INB NEFT UTR NO: SBIN122107061072--Sattar Sanitary Stores	NEFT INB: CNABXNOPA3                              TRANSFER TO 4899157044304 / Sattar Sanitary Stores	99922	14,316.00	 	6,49,186.92
17 Apr 2022	17 Apr 2022	   TO TRANSFER-INB ICICI_CC Payments--	WSBI1086965584CHJ1939705               TRANSFER TO 3199621162094 / 	99922	7,806.00	 	6,41,380.92
17 Apr 2022	17 Apr 2022	   BY TRANSFER-UPI/CR/210779503133/T J ETHI/INDB/tjeraj48@o/seat--	TRANSFER FROM 5099324162095 / 	40236	 	900.00	6,42,280.92
18 Apr 2022	18 Apr 2022	   BULK POSTING-CR_TAMILNADU SANITARY STO          05549442--	 / 	16899	 	1,517.45	6,43,798.37
18 Apr 2022	18 Apr 2022	   BY TRANSFER-INB IMPS210813642006/9962350035/XX4241/Towards pu--	MAE000095071491          MAE000095071491          TRANSFER FROM 4897955162097 / 	99922	 	850.00	6,44,648.37
18 Apr 2022	18 Apr 2022	BY CLEARING / CHEQUE-INB   600019014-186194 600002332--186194	 / 186194	10395	 	62,800.00	7,07,448.37
19 Apr 2022	19 Apr 2022	   TO TRANSFER-INB NEFT UTR NO: SBIN222109595802--Andavar Marketing PVT LTD	NEFT INB: CNABXPFGH2                              TRANSFER TO 4899157044304 / Andavar Marketing PVT LTD	99922	7,220.00	 	7,00,228.37
19 Apr 2022	19 Apr 2022	   TO TRANSFER-INB NEFT UTR NO: SBIN222109599717--Andavar Marketing PVT LTD	NEFT INB: CNABXPFKK1                              TRANSFER TO 4899157044304 / Andavar Marketing PVT LTD	99922	48,602.00	 	6,51,626.37
19 Apr 2022	19 Apr 2022	   BULK POSTING-CR_TAMILNADU SANITARY STO          05549442--	 / 	16899	 	28,202.63	6,79,829.00
19 Apr 2022	19 Apr 2022	BY CLEARING / CHEQUE-HDF   600240039-007953 600002332--7953	 / 7953	10395	 	5,840.00	6,85,669.00
19 Apr 2022	19 Apr 2022	BY CLEARING / CHEQUE-KOT   600485034-000344 600002332--344	 / 344	10395	 	50,000.00	7,35,669.00
19 Apr 2022	19 Apr 2022	   CASH DEPOSIT-CASH DEPOSIT SELF--	 / 	40236	 	56,000.00	7,91,669.00
20 Apr 2022	20 Apr 2022	   BULK POSTING-CR_TAMILNADU SANITARY STO          05548442--	 / 	16899	 	11,500.00	8,03,169.00
20 Apr 2022	20 Apr 2022	   BULK POSTING-CR_TAMILNADU SANITARY STO          05549442--	 / 	16899	 	20,678.04	8,23,847.04
21 Apr 2022	21 Apr 2022	TO CLEARING-BOB   SUPER TRADING CORPORATION--250734	 / 250734	10395	20,000.00	 	8,03,847.04
21 Apr 2022	21 Apr 2022	   TO TRANSFER-INB--	15048465579CHJ2284764               TRANSFER TO 4599567162090 / 	99922	1,847.88	 	8,01,999.16
21 Apr 2022	21 Apr 2022	   BULK POSTING-CR_TAMILNADU SANITARY STO          05548442--	 / 	16899	 	17,324.43	8,19,323.59
21 Apr 2022	21 Apr 2022	   BULK POSTING-CR_TAMILNADU SANITARY STO          05549442--	 / 	16899	 	1,732.15	8,21,055.74
21 Apr 2022	21 Apr 2022	   TO TRANSFER-INB--	22043300429531CKT4636462               TRANSFER TO 36959639031                           POOLING ACCOUNT GST-MM / 	99922	36,812.00	 	7,84,243.74
21 Apr 2022	21 Apr 2022	   CASH DEPOSIT-CASH DEPOSIT SELF--	 / 	40236	 	33,900.00	8,18,143.74
21 Apr 2022	21 Apr 2022	BY CLEARING / CHEQUE-CAB   600015181-169617 600002332--169617	 / 169617	10395	 	8,260.00	8,26,403.74
21 Apr 2022	21 Apr 2022	   BY TRANSFER-NEFT*DBSS0IN0811*0811OP2104383488*Chemplast Sanmar--	TRANSFER FROM 3199677044304 / 	4430	 	7,810.00	8,34,213.74
22 Apr 2022	22 Apr 2022	TO CLEARING-CAB   TANGEDCO SE CEDC CENTRAL--250737	 / 250737	10395	4,059.00	 	8,30,154.74
22 Apr 2022	22 Apr 2022	   TO TRANSFER-INB Payment towards Invoice/Bill--	CTS0580713               TRANSFER TO 57002369188                           NELLAI CERAMIC CENTRE / 	99922	20,000.00	 	8,10,154.74
22 Apr 2022	22 Apr 2022	   TO TRANSFER-INB Payment towards Invoice/Bill--	CTS0580580               TRANSFER TO 31547097771                           KHUZEMA MAMUWALA AND C / 	99922	7,469.00	 	8,02,685.74
22 Apr 2022	22 Apr 2022	   TO TRANSFER-INB NEFT UTR NO: SBIN522112985167--NOBEL TILES WORLD	NEFT INB: CNABXSFNH0                              TRANSFER TO 4899157044304 / NOBEL TILES WORLD	99922	21,651.00	 	7,81,034.74
22 Apr 2022	22 Apr 2022	   TO TRANSFER-INB NEFT UTR NO: SBIN522112985327--ANCHOR DISTRIBUTION SYSTEMS	NEFT INB: CNABXSFOS5                              TRANSFER TO 4899157044304 / ANCHOR DISTRIBUTION SYSTEMS	99922	13,356.00	 	7,67,678.74
22 Apr 2022	22 Apr 2022	   TO TRANSFER-INB NEFT UTR NO: SBIN522112985490--TRISHLA AGENCIES	NEFT INB: CNABXSFOZ4                              TRANSFER TO 4899157044304 / TRISHLA AGENCIES	99922	5,758.00	 	7,61,920.74
22 Apr 2022	22 Apr 2022	   TO TRANSFER-INB NEFT UTR NO: SBIN522112985923--Andavar Marketing PVT LTD	NEFT INB: CNABXSFPH6                              TRANSFER TO 4899157044304 / Andavar Marketing PVT LTD	99922	5,265.00	 	7,56,655.74
22 Apr 2022	22 Apr 2022	   TO TRANSFER-INB NEFT UTR NO: SBIN522112988437--Andavar Marketing PVT LTD	NEFT INB: CNABXSFPY2                              TRANSFER TO 4899157044304 / Andavar Marketing PVT LTD	99922	20,000.00	 	7,36,655.74
22 Apr 2022	22 Apr 2022	BY CLEARING / CHEQUE-INB   600019014-583980 600002332--583980	 / 583980	10395	 	16,390.00	7,53,045.74
23 Apr 2022	23 Apr 2022	   BY TRANSFER-INB IMPS211310330250/9840724645/XX1641/Payment--	MAB000999603533          MAB000999603533          TRANSFER FROM 4898019162095 / 	99922	 	1,163.00	7,54,208.74
23 Apr 2022	23 Apr 2022	   BULK POSTING-CR_TAMILNADU SANITARY STO     05548442        2204--	 / 	16899	 	21,772.21	7,75,980.95
23 Apr 2022	23 Apr 2022	   BULK POSTING-CR_TAMILNADU SANITARY STO     05549442        2204--	 / 	16899	 	9,488.89	7,85,469.84
23 Apr 2022	23 Apr 2022	   BY TRANSFER-INB IMPS211315339561/5111407881/XX2563/Payment fo--	MAF000098094840          MAF000098094840          TRANSFER FROM 4898028162094 / 	99922	 	17,260.00	8,02,729.84
24 Apr 2022	24 Apr 2022	   TO TRANSFER-INB Payment towards Invoice/Bill--	CTS0823127               TRANSFER TO 32423647359                           ARAVIND CERAMICS PRIVA / 	99922	17,690.00	 	7,85,039.84
24 Apr 2022	24 Apr 2022	   TO TRANSFER-INB NEFT UTR NO: SBIN222114950209--Andavar Marketing PVT LTD	NEFT INB: CNABXTXQF5                              TRANSFER TO 4899157044304 / Andavar Marketing PVT LTD	99922	8,251.00	 	7,76,788.84
24 Apr 2022	24 Apr 2022	   TO TRANSFER-INB NEFT UTR NO: SBIN222114976436--Andavar Marketing PVT LTD	NEFT INB: CNABXTXPF8                              TRANSFER TO 4899157044304 / Andavar Marketing PVT LTD	99922	9,315.00	 	7,67,473.84
24 Apr 2022	24 Apr 2022	   TO TRANSFER-INB NEFT UTR NO: SBIN222114977592--NOBEL TILES WORLD	NEFT INB: CNABXTXRN5                              TRANSFER TO 4899157044304 / NOBEL TILES WORLD	99922	2,698.00	 	7,64,775.84
25 Apr 2022	25 Apr 2022	   BULK POSTING-CR_TAMILNADU SANITARY STO     05549442        2404--	 / 	16899	 	1,444.20	7,66,220.04
25 Apr 2022	25 Apr 2022	   CASH DEPOSIT-CASH DEPOSIT SELF--	 / 	40236	 	1,01,500.00	8,67,720.04
25 Apr 2022	25 Apr 2022	CASH HANDLING CHARGES---38976288	 / 38976288	40236	59.00	 	8,67,661.04
25 Apr 2022	25 Apr 2022	   CASH DEPOSIT-CASH DEPOSIT SELF--	 / 	40236	 	20,000.00	8,87,661.04
25 Apr 2022	25 Apr 2022	CASH HANDLING CHARGES---38976288	 / 38976288	40236	59.00	 	8,87,602.04
25 Apr 2022	25 Apr 2022	   BY TRANSFER-UPI/CR/211525704657/DHARANI /HDFC/dharanikum/UPI--	TRANSFER FROM 5098848162095 / 	40236	 	5,920.00	8,93,522.04
26 Apr 2022	26 Apr 2022	   BULK POSTING-CR_TAMILNADU SANITARY STO     05548442        2504--	 / 	16899	 	21,128.30	9,14,650.34
26 Apr 2022	26 Apr 2022	   BULK POSTING-CR_TAMILNADU SANITARY STO     05549442        2504--	 / 	16899	 	2,428.30	9,17,078.64
26 Apr 2022	26 Apr 2022	BY CLEARING / CHEQUE-KCU   600054013-001225 600002332--1225	 / 1225	10395	 	13,000.00	9,30,078.64
27 Apr 2022	27 Apr 2022	TO CLEARING-CAB   TANGEDCO SE CEDC CENTRAL--250738	 / 250738	10395	2,480.00	 	9,27,598.64
27 Apr 2022	27 Apr 2022	TO CLEARING-KVB   MEHTA HARDWARES--250736	 / 250736	10395	1,200.00	 	9,26,398.64
27 Apr 2022	27 Apr 2022	   TO TRANSFER-INB NEFT UTR NO: SBIN522117635235--Andavar Marketing PVT LTD	NEFT INB: CNABXWHRP0                              TRANSFER TO 4899157044304 / Andavar Marketing PVT LTD	99922	11,210.00	 	9,15,188.64
27 Apr 2022	27 Apr 2022	   TO TRANSFER-INB NEFT UTR NO: SBIN522117636588--D S Associates	NEFT INB: CNABXWHTM8                              TRANSFER TO 4899157044304 / D S Associates	99922	25,000.00	 	8,90,188.64
27 Apr 2022	27 Apr 2022	   TO TRANSFER-INB NEFT UTR NO: SBIN522117640310--SRI SENI Enterprises	NEFT INB: CNABXWHUY6                              TRANSFER TO 4899157044304 / SRI SENI Enterprises	99922	10,000.00	 	8,80,188.64
27 Apr 2022	27 Apr 2022	   TO TRANSFER-INB NEFT UTR NO: SBIN522117641115--NOBEL TILES WORLD	NEFT INB: CNABXWHTI6                              TRANSFER TO 4899157044304 / NOBEL TILES WORLD	99922	16,173.00	 	8,64,015.64
27 Apr 2022	27 Apr 2022	   TO TRANSFER-INB Payment towards Invoice/Bill--	CTS1134873               TRANSFER TO 57002369188                           NELLAI CERAMIC CENTRE / 	99922	1,467.00	 	8,62,548.64
27 Apr 2022	27 Apr 2022	   TO TRANSFER-INB Payment towards Invoice/Bill--	CTS1135582               TRANSFER TO 57002369188                           NELLAI CERAMIC CENTRE / 	99922	9,877.00	 	8,52,671.64
27 Apr 2022	27 Apr 2022	   TO TRANSFER-INB NEFT UTR NO: SBIN522117645643--K M CERAMICS	NEFT INB: CNABXWHYY8                              TRANSFER TO 4899157044304 / K M CERAMICS	99922	20,000.00	 	8,32,671.64
27 Apr 2022	27 Apr 2022	   TO TRANSFER-INB Payment towards Invoice/Bill--	CTS1136456               TRANSFER TO 32423647359                           ARAVIND CERAMICS PRIVA / 	99922	23,380.00	 	8,09,291.64
27 Apr 2022	27 Apr 2022	   TO TRANSFER-INB NEFT UTR NO: SBIN522117646590--ARUNKUMAR MANOHARAN	NEFT INB: CNABXWIBX1                              TRANSFER TO 4899157044304 / ARUNKUMAR MANOHARAN	99922	6,000.00	 	8,03,291.64
27 Apr 2022	27 Apr 2022	   TO TRANSFER-INB NEFT UTR NO: SBIN522117648848--ARUNKUMAR MANOHARAN	NEFT INB: CNABXWIBQ0                              TRANSFER TO 4899157044304 / ARUNKUMAR MANOHARAN	99922	6,000.00	 	7,97,291.64
27 Apr 2022	27 Apr 2022	   BULK POSTING-CR_TAMILNADU SANITARY STO     05548442        2604--	 / 	16899	 	250.00	7,97,541.64
27 Apr 2022	27 Apr 2022	BY CLEARING / CHEQUE-CBI   600016003-121773 600002332--121773	 / 121773	10395	 	1,640.00	7,99,181.64
28 Apr 2022	28 Apr 2022	TO CLEARING-KVB   HUSSAIN SANITARY STORES--250739	 / 250739	10395	12,130.00	 	7,87,051.64
29 Apr 2022	29 Apr 2022	TO CLEARING-BOB   SUPER TRADING CORPORATION--250735	 / 250735	10395	20,000.00	 	7,67,051.64
29 Apr 2022	29 Apr 2022	   BULK POSTING-CR_TAMILNADU SANITARY STO     05549442        2804--	 / 	16899	 	2,628.21	7,69,679.85
29 Apr 2022	29 Apr 2022	BY CLEARING / CHEQUE-KCU   600054013-001226 600002332--1226	 / 1226	10395	 	13,000.00	7,82,679.85
30 Apr 2022	30 Apr 2022	   BULK POSTING-CR_TAMILNADU SANITARY STO     05549442        2904--	 / 	16899	 	34,616.58	8,17,296.43
30 Apr 2022	30 Apr 2022	   CASH DEPOSIT-CASH DEPOSIT SELF--	 / 	40236	 	79,100.00	8,96,396.43
30 Apr 2022	30 Apr 2022	CASH HANDLING CHARGES---38976288	 / 38976288	40236	70.00	 	8,96,326.43

**This is a computer generated statement and does not require a signature