Account Name       :                	TAMILNADU SANITARY STORES								
Address            :	"NO 143,  KUTCHERY ROAD,  MYLAPORE  Chennai"								
                                    	CHENNAI								
                                    	TAMILNADU-600004								
                                    	India								
Date               :                	07-Oct-22								
Account Number     :	_00000030976446269								
Account Description:	CA-REGULAR-PUB-OTH-ALL-INR								
Branch             :	SANTHOME								
Drawing Power      :	0								
Interest Rate(% p.a.):	0								
MOD Balance      :	0								
CIF No.          :	_85676868920								
IFS Code         :	SBIN0040236								
MICR Code        :	_600002332								
Balance on 1 Sep 2022        :	"4,39,236.92"								
Start Date          :	01-Sep-22								
End Date            :	30-Sep-22								
Txn Date	Value Date	Description	Ref No./Cheque No.	Branch Code	        Debit	Credit	Balance		
02-Sep-22	02-Sep-22	   BULK POSTING-CR_TAMILNADU SANITARY STO     05549442        0109--	 / 	16899	 	"21,564.33"	"4,60,801.25"		"4,39,236.92"
02-Sep-22	02-Sep-22	BY CLEARING / CHEQUE-HDF   600240012-000226 600002332--226	 / 226	10395	 	"11,160.00"	"4,71,961.25"		
02-Sep-22	02-Sep-22	BY CLEARING / CHEQUE-KOT   600485034-000379 600002332--379	 / 379	10395	 	"1,50,000.00"	"6,21,961.25"		
03-Sep-22	03-Sep-22	   BULK POSTING-CR_TAMILNADU SANITARY STO     05549442        0209--	 / 	16899	 	"3,492.16"	"6,25,453.41"		
03-Sep-22	03-Sep-22	   TO TRANSFER-INB NEFT UTR NO: SBIN522246428671--Andavar Marketing PVT LTD	NEFT INB: CNACCKTBA1                              TRANSFER TO 4899157044304 / Andavar Marketing PVT LTD	99922	"5,100.00"	 	"6,20,353.41"		
03-Sep-22	03-Sep-22	   TO TRANSFER-INB NEFT UTR NO: SBIN522246429911--NOBEL TILES WORLD	NEFT INB: CNACCKTBN0                              TRANSFER TO 4899157044304 / NOBEL TILES WORLD	99922	"14,350.00"	 	"6,06,003.41"		
03-Sep-22	03-Sep-22	   TO TRANSFER-INB NEFT UTR NO: SBIN522246431141--NOBEL TILES WORLD	NEFT INB: CNACCKTED9                              TRANSFER TO 4899157044304 / NOBEL TILES WORLD	99922	"10,085.00"	 	"5,95,918.41"		
04-Sep-22	04-Sep-22	   TO TRANSFER-INB NEFT UTR NO: SBIN122247205816--PROVIDENT MARKETING	NEFT INB: CNACCLRGO7                              TRANSFER TO 4899157044304 / PROVIDENT MARKETING	99922	"7,930.00"	 	"5,87,988.41"		
04-Sep-22	04-Sep-22	   TO TRANSFER-INB NEFT UTR NO: SBIN122247206802--Andavar Marketing PVT LTD	NEFT INB: CNACCLRIB8                              TRANSFER TO 4899157044304 / Andavar Marketing PVT LTD	99922	"13,771.00"	 	"5,74,217.41"		
04-Sep-22	04-Sep-22	   TO TRANSFER-INB NEFT UTR NO: SBIN122247206483--SHYAMS ENTERPRISES	NEFT INB: CNACCLRIX7                              TRANSFER TO 4899157044304 / SHYAMS ENTERPRISES	99922	"6,702.00"	 	"5,67,515.41"		
04-Sep-22	04-Sep-22	   TO TRANSFER-INB NEFT UTR NO: SBIN122247207361--SRI SENI Enterprises	NEFT INB: CNACCLRJS2                              TRANSFER TO 4899157044304 / SRI SENI Enterprises	99922	"13,850.00"	 	"5,53,665.41"		
04-Sep-22	04-Sep-22	   TO TRANSFER-INB NEFT UTR NO: SBIN122247206610--D S Associates	NEFT INB: CNACCLRKQ5                              TRANSFER TO 4899157044304 / D S Associates	99922	"12,003.00"	 	"5,41,662.41"		
04-Sep-22	04-Sep-22	   TO TRANSFER-INB NEFT UTR NO: SBIN122247206694--SRI SENI Enterprises	NEFT INB: CNACCLRLP3                              TRANSFER TO 4899157044304 / SRI SENI Enterprises	99922	"5,515.00"	 	"5,36,147.41"		
04-Sep-22	04-Sep-22	   TO TRANSFER-INB NEFT UTR NO: SBIN122247207209--ARUNKUMAR MANOHARAN	NEFT INB: CNACCLRKY0                              TRANSFER TO 4899157044304 / ARUNKUMAR MANOHARAN	99922	"5,000.00"	 	"5,31,147.41"		
04-Sep-22	04-Sep-22	   TO TRANSFER-INB NEFT UTR NO: SBIN122247208318--Sattar Sanitary Stores	NEFT INB: CNACCLRLB9                              TRANSFER TO 4899157044304 / Sattar Sanitary Stores	99922	"10,379.00"	 	"5,20,768.41"		
04-Sep-22	04-Sep-22	   TO TRANSFER-INB NEFT UTR NO: SBIN122247208094--MANGALAM SANITARY	NEFT INB: CNACCLRMA1                              TRANSFER TO 4899157044304 / MANGALAM SANITARY	99922	"9,000.00"	 	"5,11,768.41"		
04-Sep-22	04-Sep-22	   TO TRANSFER-INB NEFT UTR NO: SBIN122247209416--Parmeeth Distributors	NEFT INB: CNACCLRLI9                              TRANSFER TO 4899157044304 / Parmeeth Distributors	99922	"2,478.00"	 	"5,09,290.41"		
04-Sep-22	04-Sep-22	   TO TRANSFER-INB NEFT UTR NO: SBIN122247208525--Shabbir Sanitary Stores	NEFT INB: CNACCLRNT6                              TRANSFER TO 4899157044304 / Shabbir Sanitary Stores	99922	"8,089.00"	 	"5,01,201.41"		
04-Sep-22	04-Sep-22	   BY TRANSFER-UPI/CR/224761894830/SRIDHAR S/IOBA/sridhar909/UPI--	TRANSFER FROM 4693687162098 / 	40236	 	"1,580.00"	"5,02,781.41"		
05-Sep-22	05-Sep-22	   BULK POSTING-CR_TAMILNADU SANITARY STO     05549442        0309--	 / 	16899	 	"2,369.78"	"5,05,151.19"		
05-Sep-22	05-Sep-22	   CASH DEPOSIT-CASH DEPOSIT SELF--	 / 	40236	 	"89,000.00"	"5,94,151.19"		
05-Sep-22	05-Sep-22	   BY TRANSFER-INB IMPS224813291136/9840904580/XX0072/--	MAB001109841908          MAB001109841908          TRANSFER FROM 4897956162096 / 	99922	 	"6,090.00"	"6,00,241.19"		
06-Sep-22	06-Sep-22	   TO TRANSFER-INB NEFT UTR NO: SBIN322249118931--Andavar Marketing PVT LTD	NEFT INB: CNACCNZAG6                              TRANSFER TO 4899157044304 / Andavar Marketing PVT LTD	99922	"12,361.00"	 	"5,87,880.19"		
06-Sep-22	06-Sep-22	   TO TRANSFER-INB Salary Payment--	CTT8001654               TRANSFER TO 32950808735                           Mr. KASI  R / 	99922	"17,000.00"	 	"5,70,880.19"		
06-Sep-22	06-Sep-22	   TO TRANSFER-INB Salary Payment--	CTT8001716               TRANSFER TO 31054735034                           Mr. NOUSHAD  ABDUL SAL / 	99922	"15,000.00"	 	"5,55,880.19"		
09-Sep-22	09-Sep-22	   BULK POSTING-CR_TAMILNADU SANITARY STO     05549442        0809--	 / 	16899	 	"2,340.53"	"5,58,220.72"		
12-Sep-22	12-Sep-22	   BULK POSTING-CR_TAMILNADU SANITARY STO     05549442        1009--	 / 	16899	 	"2,585.16"	"5,60,805.88"		
12-Sep-22	12-Sep-22	   TO TRANSFER-INB--	KGwdVGulWDDnrtCHK4092803               TRANSFER TO 4899773162098 / 	99922	"2,073.00"	 	"5,58,732.88"		
12-Sep-22	12-Sep-22	   TO TRANSFER-INB--	KGwff5bgK4GXJwCHK4093076               TRANSFER TO 4899772162099 / 	99922	"2,124.00"	 	"5,56,608.88"		
12-Sep-22	12-Sep-22	   TO TRANSFER-INB ICICI_CC Payments--	YSBI1407049319CHK4095005               TRANSFER TO 3199582162095 / 	99922	"13,395.03"	 	"5,43,213.85"		
13-Sep-22	13-Sep-22	   BY TRANSFER-NEFT*UTIB0000782*AXMB222564564560*GAYATRI R*Others--	TRANSFER FROM 3199680044308 / 	4430	 	"40,335.00"	"5,83,548.85"		
13-Sep-22	13-Sep-22	   TO TRANSFER-INB NEFT UTR NO: SBIN322256970010--Andavar Marketing PVT LTD	NEFT INB: CNACCUBQO3                              TRANSFER TO 4899157044304 / Andavar Marketing PVT LTD	99922	"16,799.00"	 	"5,66,749.85"		
13-Sep-22	13-Sep-22	   TO TRANSFER-INB NEFT UTR NO: SBIN322256970886--FRIENDLY SERVICES	NEFT INB: CNACCUBQW1                              TRANSFER TO 4899157044304 / FRIENDLY SERVICES	99922	"1,509.00"	 	"5,65,240.85"		
13-Sep-22	13-Sep-22	   TO TRANSFER-INB NEFT UTR NO: SBIN322256970291--NOBEL TILES WORLD	NEFT INB: CNACCUBRD4                              TRANSFER TO 4899157044304 / NOBEL TILES WORLD	99922	"5,570.00"	 	"5,59,670.85"		
13-Sep-22	13-Sep-22	   TO TRANSFER-INB NEFT UTR NO: SBIN322256972348--K M CERAMICS	NEFT INB: CNACCUBSW6                              TRANSFER TO 4899157044304 / K M CERAMICS	99922	"15,000.00"	 	"5,44,670.85"		
13-Sep-22	13-Sep-22	   TO TRANSFER-INB NEFT UTR NO: SBIN322256970673--AJANTHA BATHROOM PRODUCTS AND PIPES	NEFT INB: CNACCUBUI5                              TRANSFER TO 4899157044304 / AJANTHA BATHROOM PRODUCTS AND PIPES	99922	"30,100.00"	 	"5,14,570.85"		
13-Sep-22	13-Sep-22	   TO TRANSFER-INB Payment towards Invoice/Bill--	CTT8834201               TRANSFER TO 35879946549                           VARSIDDHI ENTERPRISES / 	99922	"15,000.00"	 	"4,99,570.85"		
13-Sep-22	13-Sep-22	   TO TRANSFER-INB NEFT UTR NO: SBIN322256972231--SRI KRISHNA DISTRIBUTORS	NEFT INB: CNACCUBVB0                              TRANSFER TO 4899157044304 / SRI KRISHNA DISTRIBUTORS	99922	"20,000.00"	 	"4,79,570.85"		
13-Sep-22	13-Sep-22	   TO TRANSFER-INB NEFT UTR NO: SBIN322256974536--PROVIDENT MARKETING	NEFT INB: CNACCUBWW4                              TRANSFER TO 4899157044304 / PROVIDENT MARKETING	99922	"7,545.00"	 	"4,72,025.85"		
13-Sep-22	13-Sep-22	   TO TRANSFER-INB NEFT UTR NO: SBIN322256975631--SHYAMS ENTERPRISES	NEFT INB: CNACCUBWI0                              TRANSFER TO 4899157044304 / SHYAMS ENTERPRISES	99922	"4,186.00"	 	"4,67,839.85"		
13-Sep-22	13-Sep-22	   TO TRANSFER-INB NEFT UTR NO: SBIN322256974685--SRI SENI Enterprises	NEFT INB: CNACCUBXI1                              TRANSFER TO 4899157044304 / SRI SENI Enterprises	99922	"9,155.00"	 	"4,58,684.85"		
13-Sep-22	13-Sep-22	   CASH DEPOSIT-CASH DEPOSIT SELF--	 / 	40236	 	"83,500.00"	"5,42,184.85"		
13-Sep-22	13-Sep-22	   BULK POSTING-CR_TAMILNADU SANITARY STO     05548442        1209--	 / 	16899	 	976.08	"5,43,160.93"		
13-Sep-22	13-Sep-22	   TO TRANSFER-INB--	001443148914             CKU7404564               TRANSFER TO 36429227099                           INCOME TAX / 	99922	"13,060.00"	 	"5,30,100.93"		
14-Sep-22	14-Sep-22	   BY TRANSFER-UPI/CR/225758719161/Mr JAYAR/CIUB/nelliserry/UPI--	TRANSFER FROM 5098414162090 / 	40236	 	"5,310.00"	"5,35,410.93"		
14-Sep-22	14-Sep-22	   BULK POSTING-CR_TAMILNADU SANITARY STO     05548442        1309--	 / 	16899	 	"21,522.35"	"5,56,933.28"		
14-Sep-22	14-Sep-22	   DEBIT-PoS Rent for TID-05548442-Aug'22--	 / 	16899	411.82	 	"5,56,521.46"		
15-Sep-22	15-Sep-22	   BULK POSTING-CR_TAMILNADU SANITARY STO     05548442        1409--	 / 	16899	 	"3,640.00"	"5,60,161.46"		
15-Sep-22	15-Sep-22	   BULK POSTING-CR_TAMILNADU SANITARY STO     05549442        1409--	 / 	16899	 	"1,195.20"	"5,61,356.66"		
15-Sep-22	15-Sep-22	   TO TRANSFER-INB NEFT UTR NO: SBIN122258510572--Andavar Marketing PVT LTD	NEFT INB: CNACCWUWB7                              TRANSFER TO 4899157044304 / Andavar Marketing PVT LTD	99922	"9,060.00"	 	"5,52,296.66"		
15-Sep-22	15-Sep-22	   TO TRANSFER-INB NEFT UTR NO: SBIN122258512581--NOBEL TILES WORLD	NEFT INB: CNACCWUYH3                              TRANSFER TO 4899157044304 / NOBEL TILES WORLD	99922	"8,460.00"	 	"5,43,836.66"		
15-Sep-22	15-Sep-22	   TO TRANSFER-INB NEFT UTR NO: SBIN122258517644--Super Trading Corporation	NEFT INB: CNACCWUZK9                              TRANSFER TO 4899157044304 / Super Trading Corporation	99922	"11,509.00"	 	"5,32,327.66"		
15-Sep-22	15-Sep-22	   TO TRANSFER-INB NEFT UTR NO: SBIN122258519861--D S Associates	NEFT INB: CNACCWVBN0                              TRANSFER TO 4899157044304 / D S Associates	99922	"15,000.00"	 	"5,17,327.66"		
15-Sep-22	15-Sep-22	   TO TRANSFER-INB NEFT UTR NO: SBIN122258522222--Lakshmi Hayagrivaa Maarketing	NEFT INB: CNACCWVDE4                              TRANSFER TO 4899157044304 / Lakshmi Hayagrivaa Maarketing	99922	"4,204.00"	 	"5,13,123.66"		
15-Sep-22	15-Sep-22	   TO TRANSFER-INB NEFT UTR NO: SBIN122258523646--SRI SENI Enterprises	NEFT INB: CNACCWVDQ0                              TRANSFER TO 4899157044304 / SRI SENI Enterprises	99922	"12,813.00"	 	"5,00,310.66"		
15-Sep-22	15-Sep-22	   TO TRANSFER-INB NEFT UTR NO: SBIN122258527450--K N Industries	NEFT INB: CNACCWVGT5                              TRANSFER TO 4899157044304 / K N Industries	99922	"6,500.00"	 	"4,93,810.66"		
15-Sep-22	15-Sep-22	   TO TRANSFER-INB NEFT UTR NO: SBIN122258529962--MANGALAM SANITARY	NEFT INB: CNACCWVGQ4                              TRANSFER TO 4899157044304 / MANGALAM SANITARY	99922	"9,072.00"	 	"4,84,738.66"		
15-Sep-22	15-Sep-22	   TO TRANSFER-INB NEFT UTR NO: SBIN122258536879--SHYAMS ENTERPRISES	NEFT INB: CNACCWVJN2                              TRANSFER TO 4899157044304 / SHYAMS ENTERPRISES	99922	"4,538.00"	 	"4,80,200.66"		
16-Sep-22	16-Sep-22	TO CLEARING-PNB   JUMMA MASJID--156092	 / 156092	10395	"9,700.00"	 	"4,70,500.66"		
16-Sep-22	16-Sep-22	   BULK POSTING-CR_TAMILNADU SANITARY STO     05548442        1509--	 / 	16899	 	"2,463.56"	"4,72,964.22"		
16-Sep-22	16-Sep-22	   BULK POSTING-CR_TAMILNADU SANITARY STO     05549442        1509--	 / 	16899	 	"2,155.24"	"4,75,119.46"		
16-Sep-22	16-Sep-22	   CASH DEPOSIT-CASH DEPOSIT SELF--	 / 	40236	 	"28,000.00"	"5,03,119.46"		
17-Sep-22	17-Sep-22	   TO TRANSFER-INB--	15864571331CHK4601555               TRANSFER TO 4599573162092 / 	99922	"1,275.58"	 	"5,01,843.88"		
17-Sep-22	17-Sep-22	   BULK POSTING-CR_TAMILNADU SANITARY STO     05548442        1609--	 / 	16899	 	"16,609.13"	"5,18,453.01"		
17-Sep-22	17-Sep-22	   BULK POSTING-CR_TAMILNADU SANITARY STO     05549442        1609--	 / 	16899	 	"3,275.19"	"5,21,728.20"		
17-Sep-22	17-Sep-22	BY CLEARING / CHEQUE-CBI   600016003-149934 600002332--149934	 / 149934	10395	 	680	"5,22,408.20"		
17-Sep-22	17-Sep-22	BY CLEARING / CHEQUE-FBL   600049005-231021 600002332--231021	 / 231021	10395	 	"13,350.00"	"5,35,758.20"		
18-Sep-22	18-Sep-22	   TO TRANSFER-INB Payment towards Invoice/Bill--	CTT9492365               TRANSFER TO 31547097771                           KHUZEMA MAMUWALA AND C / 	99922	"9,775.00"	 	"5,25,983.20"		
18-Sep-22	18-Sep-22	   TO TRANSFER-INB NEFT UTR NO: SBIN322261687905--Hussain Sanitary Stores	NEFT INB: CNACCZAPM7                              TRANSFER TO 4899157044304 / Hussain Sanitary Stores	99922	"7,650.00"	 	"5,18,333.20"		
18-Sep-22	18-Sep-22	   TO TRANSFER-INB NEFT UTR NO: SBIN322261687876--VASSAVI TRADERS	NEFT INB: CNACCZARF1                              TRANSFER TO 4899157044304 / VASSAVI TRADERS	99922	"1,316.00"	 	"5,17,017.20"		
18-Sep-22	18-Sep-22	   TO TRANSFER-INB NEFT UTR NO: SBIN322261687335--Andavar Marketing PVT LTD	NEFT INB: CNACCZARG9                              TRANSFER TO 4899157044304 / Andavar Marketing PVT LTD	99922	"2,565.00"	 	"5,14,452.20"		
18-Sep-22	18-Sep-22	   TO TRANSFER-INB NEFT UTR NO: SBIN322261689388--International Sales Corporation	NEFT INB: CNACCZAQS5                              TRANSFER TO 4899157044304 / International Sales Corporation	99922	"10,000.00"	 	"5,04,452.20"		
18-Sep-22	18-Sep-22	   TO TRANSFER-INB NEFT UTR NO: SBIN322261688701--International Sales Corporation	NEFT INB: CNACCZARO9                              TRANSFER TO 4899157044304 / International Sales Corporation	99922	797	 	"5,03,655.20"		
18-Sep-22	18-Sep-22	   TO TRANSFER-INB Payment towards Invoice/Bill--	CTT9492896               TRANSFER TO 35879946549                           VARSIDDHI ENTERPRISES / 	99922	"15,000.00"	 	"4,88,655.20"		
18-Sep-22	18-Sep-22	   TO TRANSFER-INB NEFT UTR NO: SBIN322261689051--K M CERAMICS	NEFT INB: CNACCZARX2                              TRANSFER TO 4899157044304 / K M CERAMICS	99922	"8,700.00"	 	"4,79,955.20"		
18-Sep-22	18-Sep-22	   TO TRANSFER-INB NEFT UTR NO: SBIN322261688260--K M CERAMICS	NEFT INB: CNACCZASA1                              TRANSFER TO 4899157044304 / K M CERAMICS	99922	"1,890.00"	 	"4,78,065.20"		
18-Sep-22	18-Sep-22	   TO TRANSFER-INB NEFT UTR NO: SBIN322261689937--AJANTHA BATHROOM PRODUCTS AND PIPES	NEFT INB: CNACCZASC8                              TRANSFER TO 4899157044304 / AJANTHA BATHROOM PRODUCTS AND PIPES	99922	"16,000.00"	 	"4,62,065.20"		
18-Sep-22	18-Sep-22	   TO TRANSFER-INB NEFT UTR NO: SBIN322261689617--GERMA Sanitarywares PVT LTD	NEFT INB: CNACCZASF8                              TRANSFER TO 4899157044304 / GERMA Sanitarywares PVT LTD	99922	"12,376.00"	 	"4,49,689.20"		
18-Sep-22	18-Sep-22	   TO TRANSFER-INB NEFT UTR NO: SBIN322261690302--Sattar Sanitary Stores	NEFT INB: CNACCZAUB1                              TRANSFER TO 4899157044304 / Sattar Sanitary Stores	99922	"8,751.00"	 	"4,40,938.20"		
18-Sep-22	18-Sep-22	   TO TRANSFER-INB NEFT UTR NO: SBIN322261690350--Sattar Sanitary Stores	NEFT INB: CNACCZAUX9                              TRANSFER TO 4899157044304 / Sattar Sanitary Stores	99922	"10,000.00"	 	"4,30,938.20"		
19-Sep-22	19-Sep-22	   BULK POSTING-CR_TAMILNADU SANITARY STO     05548442        1809--	 / 	16899	 	"4,525.02"	"4,35,463.22"		
19-Sep-22	19-Sep-22	   BULK POSTING-CR_TAMILNADU SANITARY STO     05549442        1709--	 / 	16899	 	"4,380.00"	"4,39,843.22"		
19-Sep-22	19-Sep-22	   TO TRANSFER-INB--	22093300224475CKU7934869               TRANSFER TO 36959620473                           POOLING ACCOUNT GST-MM / 	99922	"25,752.00"	 	"4,14,091.22"		
20-Sep-22	20-Sep-22	   BULK POSTING-CR_TAMILNADU SANITARY STO     05548442        1909--	 / 	16899	 	"1,045.80"	"4,15,137.02"		
21-Sep-22	21-Sep-22	   BULK POSTING-CR_TAMILNADU SANITARY STO     05548442        2009--	 / 	16899	 	"6,400.00"	"4,21,537.02"		
21-Sep-22	21-Sep-22	   BULK POSTING-CR_TAMILNADU SANITARY STO     05549442        2009--	 / 	16899	 	"4,454.80"	"4,25,991.82"		
21-Sep-22	21-Sep-22	   CASH DEPOSIT-CASH DEPOSIT SELF--	 / 	40236	 	"1,23,500.00"	"5,49,491.82"		
21-Sep-22	21-Sep-22	   BY TRANSFER-NEFT*CNRB0001281*P264220192506101*PREETHA MARIAPPA--	TRANSFER FROM 3199962044300 / 	4430	 	"60,000.00"	"6,09,491.82"		
21-Sep-22	21-Sep-22	   TO TRANSFER-INB NEFT UTR NO: SBIN122264078842--NOBEL TILES WORLD	NEFT INB: CNACDBVHD7                              TRANSFER TO 4899157044304 / NOBEL TILES WORLD	99922	"9,400.00"	 	"6,00,091.82"		
21-Sep-22	21-Sep-22	   TO TRANSFER-INB NEFT UTR NO: SBIN122264081649--Andavar Marketing PVT LTD	NEFT INB: CNACDBVJF2                              TRANSFER TO 4899157044304 / Andavar Marketing PVT LTD	99922	"11,851.00"	 	"5,88,240.82"		
21-Sep-22	21-Sep-22	   TO TRANSFER-INB NEFT UTR NO: SBIN122264083047--D S Associates	NEFT INB: CNACDBVJQ2                              TRANSFER TO 4899157044304 / D S Associates	99922	"15,000.00"	 	"5,73,240.82"		
21-Sep-22	21-Sep-22	   TO TRANSFER-INB NEFT UTR NO: SBIN122264084074--Lakshmi Hayagrivaa Maarketing	NEFT INB: CNACDBVLA5                              TRANSFER TO 4899157044304 / Lakshmi Hayagrivaa Maarketing	99922	"5,310.00"	 	"5,67,930.82"		
21-Sep-22	21-Sep-22	   TO TRANSFER-INB NEFT UTR NO: SBIN122264084365--SRI SENI Enterprises	NEFT INB: CNACDBVLW6                              TRANSFER TO 4899157044304 / SRI SENI Enterprises	99922	"13,805.00"	 	"5,54,125.82"		
21-Sep-22	21-Sep-22	   TO TRANSFER-INB NEFT UTR NO: SBIN122264088214--MANGALAM SANITARY	NEFT INB: CNACDBVMT1                              TRANSFER TO 4899157044304 / MANGALAM SANITARY	99922	"6,372.00"	 	"5,47,753.82"		
21-Sep-22	21-Sep-22	   TO TRANSFER-INB NEFT UTR NO: SBIN122264089572--SHYAMS ENTERPRISES	NEFT INB: CNACDBVPJ4                              TRANSFER TO 4899157044304 / SHYAMS ENTERPRISES	99922	"5,000.00"	 	"5,42,753.82"		
21-Sep-22	21-Sep-22	   TO TRANSFER-INB NEFT UTR NO: SBIN122264089823--PROVIDENT MARKETING	NEFT INB: CNACDBVQA8                              TRANSFER TO 4899157044304 / PROVIDENT MARKETING	99922	"7,220.00"	 	"5,35,533.82"		
21-Sep-22	21-Sep-22	   TO TRANSFER-INB NEFT UTR NO: SBIN122264093063--SHRI Venkateswar Agency	NEFT INB: CNACDBVRQ3                              TRANSFER TO 4899157044304 / SHRI Venkateswar Agency	99922	"8,330.00"	 	"5,27,203.82"		
21-Sep-22	21-Sep-22	   TO TRANSFER-INB NEFT UTR NO: SBIN122264090994--Super Trading Corporation	NEFT INB: CNACDBVSA4                              TRANSFER TO 4899157044304 / Super Trading Corporation	99922	"7,803.00"	 	"5,19,400.82"		
22-Sep-22	22-Sep-22	   BY TRANSFER-INB IMPS226506296357/9999999999/XX4438/TAMILNADUS--	MAA001135959374          MAA001135959374          TRANSFER FROM 4898002162093 / 	99922	 	"8,000.00"	"5,27,400.82"		
22-Sep-22	22-Sep-22	CHEQUE WDL-CHEQUE TRANSFER TO--156093	TRANSFER FROM 20038598235                         Mr. ABBAS  HATIMBHOY K / 156093	40236	"15,000.00"	 	"5,12,400.82"		
23-Sep-22	23-Sep-22	   BULK POSTING-CR_TAMILNADU SANITARY STO     05548442        2209--	 / 	16899	 	"19,342.38"	"5,31,743.20"		
23-Sep-22	23-Sep-22	   BULK POSTING-CR_TAMILNADU SANITARY STO     05549442        2209--	 / 	16899	 	"13,540.92"	"5,45,284.12"		
23-Sep-22	23-Sep-22	BY CLEARING / CHEQUE-BOB   600012056-000021 600002332--21	 / 21	10395	 	"32,000.00"	"5,77,284.12"		
24-Sep-22	24-Sep-22	   BULK POSTING-CR_TAMILNADU SANITARY STO     05548442        2309--	 / 	16899	 	"7,463.50"	"5,84,747.62"		
24-Sep-22	24-Sep-22	   BULK POSTING-CR_TAMILNADU SANITARY STO     05549442        2309--	 / 	16899	 	"12,370.00"	"5,97,117.62"		
24-Sep-22	24-Sep-22	   TO TRANSFER-INB Payment towards Invoice/Bill--	CTU0202247               TRANSFER TO 32423647359                           ARAVIND CERAMICS PRIVA / 	99922	"13,110.00"	 	"5,84,007.62"		
24-Sep-22	24-Sep-22	   TO TRANSFER-INB NEFT UTR NO: SBIN322267892781--NOBEL TILES WORLD	NEFT INB: CNACDEFWJ2                              TRANSFER TO 4899157044304 / NOBEL TILES WORLD	99922	"25,000.00"	 	"5,59,007.62"		
24-Sep-22	24-Sep-22	   TO TRANSFER-INB NEFT UTR NO: SBIN322267891195--K M CERAMICS	NEFT INB: CNACDEFXE8                              TRANSFER TO 4899157044304 / K M CERAMICS	99922	"15,000.00"	 	"5,44,007.62"		
24-Sep-22	24-Sep-22	   TO TRANSFER-INB NEFT UTR NO: SBIN322267894288--Andavar Marketing PVT LTD	NEFT INB: CNACDEFYQ4                              TRANSFER TO 4899157044304 / Andavar Marketing PVT LTD	99922	"11,591.00"	 	"5,32,416.62"		
24-Sep-22	24-Sep-22	   TO TRANSFER-INB NEFT UTR NO: SBIN322267893957--Sattar Sanitary Stores	NEFT INB: CNACDEFZM6                              TRANSFER TO 4899157044304 / Sattar Sanitary Stores	99922	"8,734.00"	 	"5,23,682.62"		
24-Sep-22	24-Sep-22	   TO TRANSFER-INB NEFT UTR NO: SBIN322267894517--Sattar Sanitary Stores	NEFT INB: CNACDEGBN7                              TRANSFER TO 4899157044304 / Sattar Sanitary Stores	99922	"2,358.00"	 	"5,21,324.62"		
24-Sep-22	24-Sep-22	   TO TRANSFER-INB NEFT UTR NO: SBIN322267894652--AJANTHA BATHROOM PRODUCTS AND PIPES	NEFT INB: CNACDEGDB2                              TRANSFER TO 4899157044304 / AJANTHA BATHROOM PRODUCTS AND PIPES	99922	"15,461.00"	 	"5,05,863.62"		
24-Sep-22	24-Sep-22	   TO TRANSFER-INB NEFT UTR NO: SBIN322267896902--Shri Krishna Enterprises	NEFT INB: CNACDEGFP1                              TRANSFER TO 4899157044304 / Shri Krishna Enterprises	99922	"4,630.00"	 	"5,01,233.62"		
26-Sep-22	26-Sep-22	   BULK POSTING-CR_TAMILNADU SANITARY STO     05548442        2409--	 / 	16899	 	"25,333.64"	"5,26,567.26"		
26-Sep-22	26-Sep-22	   BULK POSTING-CR_TAMILNADU SANITARY STO     05549442        2409--	 / 	16899	 	"14,899.82"	"5,41,467.08"		
26-Sep-22	26-Sep-22	   TO TRANSFER-INB NEFT UTR NO: SBIN422269777038--Andavar Marketing PVT LTD	NEFT INB: CNACDFMKU4                              TRANSFER TO 4899157044304 / Andavar Marketing PVT LTD	99922	"18,976.00"	 	"5,22,491.08"		
26-Sep-22	26-Sep-22	   TO TRANSFER-INB NEFT UTR NO: SBIN422269779061--Andavar Marketing PVT LTD	NEFT INB: CNACDFMLQ0                              TRANSFER TO 4899157044304 / Andavar Marketing PVT LTD	99922	"15,046.00"	 	"5,07,445.08"		
26-Sep-22	26-Sep-22	   TO TRANSFER-INB NEFT UTR NO: SBIN422269783754--PROVIDENT MARKETING	NEFT INB: CNACDFMNJ4                              TRANSFER TO 4899157044304 / PROVIDENT MARKETING	99922	"3,912.00"	 	"5,03,533.08"		
26-Sep-22	26-Sep-22	   CASH DEPOSIT-CASH DEPOSIT SELF--	 / 	40236	 	"1,49,000.00"	"6,52,533.08"		
26-Sep-22	26-Sep-22	   TO TRANSFER-INB NEFT UTR NO: SBIN422269784099--SHYAMS ENTERPRISES	NEFT INB: CNACDFMOF1                              TRANSFER TO 4899157044304 / SHYAMS ENTERPRISES	99922	"4,625.00"	 	"6,47,908.08"		
26-Sep-22	26-Sep-22	   TO TRANSFER-INB NEFT UTR NO: SBIN422269785877--MANGALAM SANITARY	NEFT INB: CNACDFMQD4                              TRANSFER TO 4899157044304 / MANGALAM SANITARY	99922	"7,216.00"	 	"6,40,692.08"		
26-Sep-22	26-Sep-22	   TO TRANSFER-INB NEFT UTR NO: SBIN422269789950--SRI SENI Enterprises	NEFT INB: CNACDFMTH0                              TRANSFER TO 4899157044304 / SRI SENI Enterprises	99922	"14,433.00"	 	"6,26,259.08"		
26-Sep-22	26-Sep-22	   TO TRANSFER-INB NEFT UTR NO: SBIN422269792058--D S Associates	NEFT INB: CNACDFMUG3                              TRANSFER TO 4899157044304 / D S Associates	99922	"4,478.00"	 	"6,21,781.08"		
26-Sep-22	26-Sep-22	   TO TRANSFER-INB NEFT UTR NO: SBIN422269794115--D S Associates	NEFT INB: CNACDFMWE0                              TRANSFER TO 4899157044304 / D S Associates	99922	"11,540.00"	 	"6,10,241.08"		
26-Sep-22	26-Sep-22	   TO TRANSFER-INB NEFT UTR NO: SBIN422269796204--SRI SENI Enterprises	NEFT INB: CNACDFMXH1                              TRANSFER TO 4899157044304 / SRI SENI Enterprises	99922	"4,859.00"	 	"6,05,382.08"		
26-Sep-22	26-Sep-22	   TO TRANSFER-INB NEFT UTR NO: SBIN422269795169--LEGEND	NEFT INB: CNACDFMYQ8                              TRANSFER TO 4899157044304 / LEGEND	99922	"16,000.00"	 	"5,89,382.08"		
26-Sep-22	26-Sep-22	   TO TRANSFER-INB NEFT UTR NO: SBIN422269799461--SRI KRISHNA DISTRIBUTORS	NEFT INB: CNACDFNAD1                              TRANSFER TO 4899157044304 / SRI KRISHNA DISTRIBUTORS	99922	"15,000.00"	 	"5,74,382.08"		
26-Sep-22	26-Sep-22	   TO TRANSFER-INB NEFT UTR NO: SBIN422269800744--Shiv Shakti Agencies	NEFT INB: CNACDFNAO6                              TRANSFER TO 4899157044304 / Shiv Shakti Agencies	99922	"8,882.00"	 	"5,65,500.08"		
26-Sep-22	26-Sep-22	   TO TRANSFER-INB Payment towards Invoice/Bill--	CTU0386348               TRANSFER TO 35879946549                           VARSIDDHI ENTERPRISES / 	99922	"15,575.00"	 	"5,49,925.08"		
26-Sep-22	26-Sep-22	   TO TRANSFER-INB NEFT UTR NO: SBIN422269804512--AJANTHA BATHROOM PRODUCTS AND PIPES	NEFT INB: CNACDFNDT3                              TRANSFER TO 4899157044304 / AJANTHA BATHROOM PRODUCTS AND PIPES	99922	"20,000.00"	 	"5,29,925.08"		
26-Sep-22	26-Sep-22	   TO TRANSFER-INB NEFT UTR NO: SBIN422269805641--Sattar Sanitary Stores	NEFT INB: CNACDFNFU5                              TRANSFER TO 4899157044304 / Sattar Sanitary Stores	99922	"11,286.00"	 	"5,18,639.08"		
27-Sep-22	27-Sep-22	   BY TRANSFER-UPI/CR/227039208768/A SIVASAMI/UTIB/sivasami19/UPI--	TRANSFER FROM 4695119162092 / 	40236	 	"1,600.00"	"5,20,239.08"		
27-Sep-22	27-Sep-22	   TO TRANSFER-INB NEFT UTR NO: SBIN122270102251--National Ceramic Centre	NEFT INB: CNACDGUJF2                              TRANSFER TO 4899157044304 / National Ceramic Centre	99922	800	 	"5,19,439.08"		
28-Sep-22	28-Sep-22	   BULK POSTING-CR_TAMILNADU SANITARY STO     05549442        2709--	 / 	16899	 	"19,036.29"	"5,38,475.37"		
28-Sep-22	28-Sep-22	   CSH DEP (CDM)-9444440342--	 / 	4292	 	"30,000.00"	"5,68,475.37"		
29-Sep-22	29-Sep-22	   TO TRANSFER-INB NEFT UTR NO: SBIN222272619903--Super Trading Corporation	NEFT INB: CNACDIGNM0                              TRANSFER TO 4899157044304 / Super Trading Corporation	99922	"5,738.00"	 	"5,62,737.37"		
29-Sep-22	29-Sep-22	   TO TRANSFER-INB NEFT UTR NO: SBIN222272621138--D S Associates	NEFT INB: CNACDIGNU4                              TRANSFER TO 4899157044304 / D S Associates	99922	"17,941.00"	 	"5,44,796.37"		
29-Sep-22	29-Sep-22	   TO TRANSFER-INB NEFT UTR NO: SBIN222272619582--GOEL CERAMICS	NEFT INB: CNACDIGPQ6                              TRANSFER TO 4899157044304 / GOEL CERAMICS	99922	"10,532.00"	 	"5,34,264.37"		
29-Sep-22	29-Sep-22	   TO TRANSFER-INB NEFT UTR NO: SBIN222272621667--NOBEL TILES WORLD	NEFT INB: CNACDIGPY2                              TRANSFER TO 4899157044304 / NOBEL TILES WORLD	99922	"9,525.00"	 	"5,24,739.37"		
29-Sep-22	29-Sep-22	   TO TRANSFER-INB NEFT UTR NO: SBIN222272621523--NOBEL TILES WORLD	NEFT INB: CNACDIGQF0                              TRANSFER TO 4899157044304 / NOBEL TILES WORLD	99922	"20,000.00"	 	"5,04,739.37"		
29-Sep-22	29-Sep-22	   TO TRANSFER-INB Payment towards Invoice/Bill--	CTU0759041               TRANSFER TO 31547097771                           KHUZEMA MAMUWALA AND C / 	99922	"1,745.00"	 	"5,02,994.37"		
29-Sep-22	29-Sep-22	   TO TRANSFER-INB Payment towards Invoice/Bill--	CTU0759226               TRANSFER TO 57002369188                           NELLAI CERAMIC CENTRE / 	99922	"13,296.00"	 	"4,89,698.37"		
29-Sep-22	29-Sep-22	   TO TRANSFER-INB NEFT UTR NO: SBIN222272621968--K M CERAMICS	NEFT INB: CNACDIGSK7                              TRANSFER TO 4899157044304 / K M CERAMICS	99922	"20,000.00"	 	"4,69,698.37"		
29-Sep-22	29-Sep-22	   BULK POSTING-CR_TAMILNADU SANITARY STO     05549442        2809--	 / 	16899	 	832.15	"4,70,530.52"		
29-Sep-22	29-Sep-22	   TO TRANSFER-INB NEFT UTR NO: SBIN322272159266--NOBEL TILES WORLD	NEFT INB: CNACDIUZA1                              TRANSFER TO 4899157044304 / NOBEL TILES WORLD	99922	"2,100.00"	 	"4,68,430.52"		
29-Sep-22	29-Sep-22	   TO TRANSFER-INB NEFT UTR NO: SBIN322272161316--Andavar Marketing PVT LTD	NEFT INB: CNACDIVAX8                              TRANSFER TO 4899157044304 / Andavar Marketing PVT LTD	99922	"2,350.00"	 	"4,66,080.52"		
29-Sep-22	29-Sep-22	   TO TRANSFER-INB Payment towards Invoice/Bill--	CTU0836226               TRANSFER TO 32423647359                           ARAVIND CERAMICS PRIVA / 	99922	"15,950.00"	 	"4,50,130.52"		
29-Sep-22	29-Sep-22	   TO TRANSFER-INB NEFT UTR NO: SBIN322272165115--SRI SENI Enterprises	NEFT INB: CNACDIVDM2                              TRANSFER TO 4899157044304 / SRI SENI Enterprises	99922	"11,111.00"	 	"4,39,019.52"		
29-Sep-22	29-Sep-22	   TO TRANSFER-INB NEFT UTR NO: SBIN322272170004--Shabbir Sanitary Stores	NEFT INB: CNACDIVEG2                              TRANSFER TO 4899157044304 / Shabbir Sanitary Stores	99922	"7,000.00"	 	"4,32,019.52"		
29-Sep-22	29-Sep-22	   TO TRANSFER-INB NEFT UTR NO: SBIN322272180182--AJANTHA BATHROOM PRODUCTS AND PIPES	NEFT INB: CNACDIVGB0                              TRANSFER TO 4899157044304 / AJANTHA BATHROOM PRODUCTS AND PIPES	99922	"10,000.00"	 	"4,22,019.52"		
29-Sep-22	29-Sep-22	   BY TRANSFER-UPI/CR/227212308877/Mr MANOB/CIUB/bharathyma/UPI--	TRANSFER FROM 4693341162092 / 	40236	 	"12,900.00"	"4,34,919.52"		
30-Sep-22	30-Sep-22	   BULK POSTING-CR_TAMILNADU SANITARY STO     05548442        2909--	 / 	16899	 	"10,190.61"	"4,45,110.13"		
30-Sep-22	30-Sep-22	   TO TRANSFER-INB NEFT UTR NO: SBIN422273571473--MANGALAM SANITARY	NEFT INB: CNACDJHTW5                              TRANSFER TO 4899157044304 / MANGALAM SANITARY	99922	"4,890.00"	 	"4,40,220.13"		
30-Sep-22	30-Sep-22	   TO TRANSFER-INB NEFT UTR NO: SBIN422273570592--SHYAMS ENTERPRISES	NEFT INB: CNACDJHTP5                              TRANSFER TO 4899157044304 / SHYAMS ENTERPRISES	99922	"6,306.00"	 	"4,33,914.13"		
30-Sep-22	30-Sep-22	   TO TRANSFER-INB NEFT UTR NO: SBIN422273570693--Oriental Trading Co	NEFT INB: CNACDJHVM1                              TRANSFER TO 4899157044304 / Oriental Trading Co	99922	"2,800.00"	 	"4,31,114.13"		
30-Sep-22	30-Sep-22	   TO TRANSFER-INB NEFT UTR NO: SBIN422273581340--GUPTA SALES CORPORATION	NEFT INB: CNACDJHWD2                              TRANSFER TO 4899157044304 / GUPTA SALES CORPORATION	99922	"4,903.00"	 	"4,26,211.13"		
30-Sep-22	30-Sep-22	   TO TRANSFER-INB NEFT UTR NO: SBIN422273583122--Super Trading Corporation	NEFT INB: CNACDJIAK3                              TRANSFER TO 4899157044304 / Super Trading Corporation	99922	"11,000.00"	 	"4,15,211.13"		
30-Sep-22	30-Sep-22	BY CLEARING / CHEQUE-ICI   600229017-052851 600002332--52851	 / 52851	10395	 	"12,460.00"	"4,27,671.13"		
30-Sep-22	30-Sep-22	   CASH DEPOSIT-CASH DEPOSIT SELF--	 / 	40236	 	"70,000.00"	"4,97,671.13"		
30-Sep-22	30-Sep-22	CASH HANDLING CHARGES---38976288	 / 38976288	40236	59	 	"4,97,612.13"		
									
**This is a computer generated statement and does not require a signature									
