Account Name       :                	TAMILNADU SANITARY STORES
Address            :	NO 143,  KUTCHERY ROAD,  MYLAPORE  Chennai
                                    	CHENNAI
                                    	TAMILNADU-600004
                                    	India
Date               :                	13 Sep 2021
Account Number     :	_00000030976446269
Account Description:	CA-REGULAR-PUB-OTH-ALL-INR
Branch             :	SANTHOME
Drawing Power      :	0.00
Interest Rate(% p.a.):	0.0
MOD Balance      :	0.00
CIF No.          :	_85676868920
IFS Code         :	SBIN0040236
MICR Code        :	_600002332
Balance on 1 Aug 2021        :	8,60,565.67
Start Date          :	1 Aug 2021
End Date            :	31 Aug 2021
Txn Date	Value Date	Description	Ref No./Cheque No.	Branch Code	        Debit	Credit	Balance	
2 Aug 2021	2 Aug 2021	   BULK POSTING-CR_TAMILNADU SANITARY STO             05549442  01--	 / 	16899	 	7,021.58	8,67,587.25
2 Aug 2021	2 Aug 2021	   CASH DEPOSIT-CASH DEPOSIT SELF--	 / 	40236	 	23,000.00	8,90,587.25
2 Aug 2021	2 Aug 2021	   BULK POSTING-CR_TAMILNADU SANITARY STO             05548442  31--	 / 	16899	 	7,228.44	8,97,815.69
2 Aug 2021	2 Aug 2021	   BULK POSTING-CR_TAMILNADU SANITARY STO             05549442  31--	 / 	16899	 	11,041.94	9,08,857.63
3 Aug 2021	3 Aug 2021	   CASH DEPOSIT-CASH DEPOSIT SELF--	 / 	40236	 	36,000.00	9,44,857.63
3 Aug 2021	3 Aug 2021	   BULK POSTING-CR_TAMILNADU SANITARY STO             05548442  02--	 / 	16899	 	14,628.30	9,59,485.93
3 Aug 2021	3 Aug 2021	   CASH DEPOSIT-CASH DEPOSIT SELF--	 / 	40236	 	12,000.00	9,71,485.93
4 Aug 2021	4 Aug 2021	   TO TRANSFER-INB NEFT UTR NO: SBIN521216905184--Andavar Marketing PVT LTD	NEFT INB: CNABOERSE5                              TRANSFER TO 3197944044306 / Andavar Marketing PVT LTD	99922	16,000.00	 	9,55,485.93
4 Aug 2021	4 Aug 2021	   TO TRANSFER-INB NEFT UTR NO: SBIN521216904389--Andavar Marketing PVT LTD	NEFT INB: CNABOERTN6                              TRANSFER TO 3197944044306 / Andavar Marketing PVT LTD	99922	6,705.00	 	9,48,780.93
4 Aug 2021	4 Aug 2021	   TO TRANSFER-INB NEFT UTR NO: SBIN521216906576--Andavar Marketing PVT LTD	NEFT INB: CNABOERTE2                              TRANSFER TO 3197944044306 / Andavar Marketing PVT LTD	99922	5,235.00	 	9,43,545.93
4 Aug 2021	4 Aug 2021	   TO TRANSFER-INB NEFT UTR NO: SBIN521216907187--NOBEL TILES WORLD	NEFT INB: CNABOERVC1                              TRANSFER TO 3197944044306 / NOBEL TILES WORLD	99922	18,635.00	 	9,24,910.93
4 Aug 2021	4 Aug 2021	   TO TRANSFER-INB NEFT UTR NO: SBIN521216907493--VALLI STEEL INDUSTRIES PVT LTD	NEFT INB: CNABOERVO1                              TRANSFER TO 3197944044306 / VALLI STEEL INDUSTRIES PVT LTD	99922	5,074.00	 	9,19,836.93
4 Aug 2021	4 Aug 2021	   TO TRANSFER-INB Payment towards Invoice/Bill--	CTO7292726               TRANSFER TO 31547097771                           KHUZEMA MAMUWALA AND C / 	99922	4,784.00	 	9,15,052.93
4 Aug 2021	4 Aug 2021	   TO TRANSFER-INB NEFT UTR NO: SBIN521216911647--ARUNKUMAR MANOHARAN	NEFT INB: CNABOERZO8                              TRANSFER TO 3197944044306 / ARUNKUMAR MANOHARAN	99922	5,000.00	 	9,10,052.93
4 Aug 2021	4 Aug 2021	   TO TRANSFER-INB NEFT UTR NO: SBIN521216911898--Mylapore Gardens Residents Associat	NEFT INB: CNABOESAT4                              TRANSFER TO 3197944044306 / Mylapore Gardens Residents Associat	99922	4,000.00	 	9,06,052.93
4 Aug 2021	4 Aug 2021	   BULK POSTING-CR_TAMILNADU SANITARY STO             05549442  03--	 / 	16899	 	25,518.89	9,31,571.82
4 Aug 2021	4 Aug 2021	CHEQUE WDL-CHEQUE TRANSFER TO--555460	TRANSFER FROM 32818937606                         GOLDEN HARDWARE CENTRE / 555460	40236	4,634.00	 	9,26,937.82
4 Aug 2021	4 Aug 2021	   BULK POSTING-CR_TAMILNADU SANITARY STO             05548442  03--	 / 	16899	 	8,261.07	9,35,198.89
4 Aug 2021	4 Aug 2021	   BY TRANSFER-INB IMPS121617687885/9345152350/XX5773/Purchase--	MAC000796388237          MAC000796388237          TRANSFER FROM 4897983162094 / 	99922	 	5,000.00	9,40,198.89
4 Aug 2021	4 Aug 2021	   BY TRANSFER-INB IMPS121617688193/9345152350/XX5773/Purchase--	MAB000822191415          MAB000822191415          TRANSFER FROM 4897982162095 / 	99922	 	5,000.00	9,45,198.89
4 Aug 2021	4 Aug 2021	   BY TRANSFER-INB IMPS121617688501/9345152350/XX5773/Purchase--	MAB000822193025          MAB000822193025          TRANSFER FROM 4897977162092 / 	99922	 	3,800.00	9,48,998.89
5 Aug 2021	5 Aug 2021	   CASH DEPOSIT-CASH DEPOSIT SELF--	 / 	40236	 	42,000.00	9,90,998.89
5 Aug 2021	5 Aug 2021	   BULK POSTING-CR_TAMILNADU SANITARY STO             05548442  04--	 / 	16899	 	597.60	9,91,596.49
5 Aug 2021	5 Aug 2021	   BULK POSTING-CR_TAMILNADU SANITARY STO             05549442  04--	 / 	16899	 	23,500.00	10,15,096.49
5 Aug 2021	5 Aug 2021	   TO TRANSFER-INB NEFT UTR NO: SBIN221217423619--Andavar Marketing PVT LTD	NEFT INB: CNABOGGIX5                              TRANSFER TO 3197944044306 / Andavar Marketing PVT LTD	99922	12,871.00	 	10,02,225.49
5 Aug 2021	5 Aug 2021	   TO TRANSFER-INB NEFT UTR NO: SBIN221217426063--AJANTHA BATHROOM PRODUCTS AND PIPES	NEFT INB: CNABOGGKH6                              TRANSFER TO 3197944044306 / AJANTHA BATHROOM PRODUCTS AND PIPES	99922	20,000.00	 	9,82,225.49
5 Aug 2021	5 Aug 2021	   TO TRANSFER-INB NEFT UTR NO: SBIN221217429272--Sattar Sanitary Stores	NEFT INB: CNABOGGMH6                              TRANSFER TO 3197944044306 / Sattar Sanitary Stores	99922	2,301.00	 	9,79,924.49
5 Aug 2021	5 Aug 2021	   TO TRANSFER-INB NEFT UTR NO: SBIN221217431376--D S Associates	NEFT INB: CNABOGGNT1                              TRANSFER TO 3197944044306 / D S Associates	99922	28,065.00	 	9,51,859.49
5 Aug 2021	5 Aug 2021	   TO TRANSFER-INB NEFT UTR NO: SBIN221217433894--Sri Kesava Traders	NEFT INB: CNABOGGQN9                              TRANSFER TO 3197944044306 / Sri Kesava Traders	99922	5,860.00	 	9,45,999.49
5 Aug 2021	5 Aug 2021	   TO TRANSFER-INB NEFT UTR NO: SBIN221217437979--Shiv Shakti Agencies	NEFT INB: CNABOGGRB0                              TRANSFER TO 3197944044306 / Shiv Shakti Agencies	99922	5,965.00	 	9,40,034.49
5 Aug 2021	5 Aug 2021	   TO TRANSFER-INB NEFT UTR NO: SBIN221217441623--BHARATH Enterprises	NEFT INB: CNABOGGTD3                              TRANSFER TO 3197944044306 / BHARATH Enterprises	99922	7,000.00	 	9,33,034.49
6 Aug 2021	6 Aug 2021	   TO TRANSFER-INB Salary Payment--	CTO7579870               TRANSFER TO 32950808735                           Mr. KASI  R / 	99922	17,000.00	 	9,16,034.49
6 Aug 2021	6 Aug 2021	   TO TRANSFER-INB ICICI_CC Payments--	WSBI0173928188CHH1163000               TRANSFER TO 3199610162096 / 	99922	12,651.00	 	9,03,383.49
6 Aug 2021	6 Aug 2021	   BULK POSTING-CR_TAMILNADU SANITARY STO             05548442  05--	 / 	16899	 	11,937.55	9,15,321.04
6 Aug 2021	6 Aug 2021	   BULK POSTING-CR_TAMILNADU SANITARY STO             05549442  05--	 / 	16899	 	2,130.00	9,17,451.04
6 Aug 2021	6 Aug 2021	   BY TRANSFER-UPI/CR/121857269971/MEERRA S/BARB/meerasivar/Balan--	TRANSFER FROM 5098609162099 / 	40236	 	5,230.00	9,22,681.04
6 Aug 2021	6 Aug 2021	   TO TRANSFER-INB Salary Payment--	CTO7643658               TRANSFER TO 31054735034                           Mr. NOUSHAD  ABDUL SAL / 	99922	14,500.00	 	9,08,181.04
7 Aug 2021	7 Aug 2021	TO CLEARING-HDF   NATIONALCERAMICCENTRE--555467	 / 555467	10395	7,650.00	 	9,00,531.04
7 Aug 2021	7 Aug 2021	   TO TRANSFER-INB NEFT UTR NO: SBIN421219470348--Dural Trims and Profiles P Ltd	NEFT INB: CNABOHXJU4                              TRANSFER TO 3197944044306 / Dural Trims and Profiles P Ltd	99922	10,000.00	 	8,90,531.04
7 Aug 2021	7 Aug 2021	   TO TRANSFER-INB NEFT UTR NO: SBIN421219474201--GUPTA SALES CORPORATION	NEFT INB: CNABOHXLV3                              TRANSFER TO 3197944044306 / GUPTA SALES CORPORATION	99922	2,262.00	 	8,88,269.04
7 Aug 2021	7 Aug 2021	   TO TRANSFER-INB NEFT UTR NO: SBIN421219472842--Galaxy Sales Trading Corporation	NEFT INB: CNABOHXLK6                              TRANSFER TO 3197944044306 / Galaxy Sales Trading Corporation	99922	1,950.00	 	8,86,319.04
7 Aug 2021	7 Aug 2021	   TO TRANSFER-INB NEFT UTR NO: SBIN421219475452--K M CERAMICS	NEFT INB: CNABOHXOU8                              TRANSFER TO 3197944044306 / K M CERAMICS	99922	20,000.00	 	8,66,319.04
7 Aug 2021	7 Aug 2021	   TO TRANSFER-INB NEFT UTR NO: SBIN421219476818--TRISHLA CORPORATION	NEFT INB: CNABOHXPF4                              TRANSFER TO 3197944044306 / TRISHLA CORPORATION	99922	6,816.00	 	8,59,503.04
7 Aug 2021	7 Aug 2021	   TO TRANSFER-INB NEFT UTR NO: SBIN421219478535--Andavar Marketing PVT LTD	NEFT INB: CNABOHXQB1                              TRANSFER TO 3197944044306 / Andavar Marketing PVT LTD	99922	16,710.00	 	8,42,793.04
7 Aug 2021	7 Aug 2021	   BULK POSTING-CR_TAMILNADU SANITARY STO             05548442  06--	 / 	16899	 	26,200.00	8,68,993.04
7 Aug 2021	7 Aug 2021	BY CLEARING / CHEQUE-IOB   600020024-954009 600002332--954009	 / 954009	10395	 	10,725.00	8,79,718.04
8 Aug 2021	8 Aug 2021	   TO TRANSFER-INB NEFT UTR NO: SBIN521220382429--SHYAMS ENTERPRISES	NEFT INB: CNABOIULH4                              TRANSFER TO 3197944044306 / SHYAMS ENTERPRISES	99922	5,000.00	 	8,74,718.04
8 Aug 2021	8 Aug 2021	   TO TRANSFER-INB NEFT UTR NO: SBIN521220383230--K N Industries	NEFT INB: CNABOIUMC1                              TRANSFER TO 3197944044306 / K N Industries	99922	6,000.00	 	8,68,718.04
8 Aug 2021	8 Aug 2021	   TO TRANSFER-INB NEFT UTR NO: SBIN521220383553--MANGALAM SANITARY	NEFT INB: CNABOIUMN8                              TRANSFER TO 3197944044306 / MANGALAM SANITARY	99922	9,039.00	 	8,59,679.04
8 Aug 2021	8 Aug 2021	   TO TRANSFER-INB NEFT UTR NO: SBIN521220383635--Sattar Sanitary Stores	NEFT INB: CNABOIUNV9                              TRANSFER TO 3197944044306 / Sattar Sanitary Stores	99922	14,415.00	 	8,45,264.04
8 Aug 2021	8 Aug 2021	   TO TRANSFER-INB NEFT UTR NO: SBIN521220385095--D S Associates	NEFT INB: CNABOIUOG7                              TRANSFER TO 3197944044306 / D S Associates	99922	10,755.00	 	8,34,509.04
8 Aug 2021	8 Aug 2021	   TO TRANSFER-INB NEFT UTR NO: SBIN521220384349--SHYAMS ENTERPRISES	NEFT INB: CNABOIUOJ6                              TRANSFER TO 3197944044306 / SHYAMS ENTERPRISES	99922	7,956.00	 	8,26,553.04
8 Aug 2021	8 Aug 2021	   BULK POSTING-CR_TAMILNADU SANITARY STO             05549442  07--	 / 	16899	 	35,828.14	8,62,381.18
8 Aug 2021	8 Aug 2021	   BULK POSTING-CR_TAMILNADU SANITARY STO             05548442  07--	 / 	16899	 	1,892.40	8,64,273.58
9 Aug 2021	9 Aug 2021	   BULK POSTING-CR_TAMILNADU SANITARY STO             05548442  08--	 / 	16899	 	430.76	8,64,704.34
9 Aug 2021	9 Aug 2021	   CASH DEPOSIT-CASH DEPOSIT SELF--	 / 	40236	 	44,000.00	9,08,704.34
10 Aug 2021	10 Aug 2021	   BULK POSTING-CR_TAMILNADU SANITARY STO             05549442  09--	 / 	16899	 	8,187.91	9,16,892.25
10 Aug 2021	10 Aug 2021	   BULK POSTING-CR_TAMILNADU SANITARY STO             05548442  09--	 / 	16899	 	10,384.87	9,27,277.12
10 Aug 2021	10 Aug 2021	BY CLEARING / CHEQUE-IOB   600020024-945643 600002332--945643	 / 945643	10395	 	7,845.00	9,35,122.12
10 Aug 2021	10 Aug 2021	   CASH DEPOSIT-CASH DEPOSIT SELF--	 / 	40236	 	7,000.00	9,42,122.12
10 Aug 2021	10 Aug 2021	   BY TRANSFER-UPI/CR/122218304432/ELANGOVA/CNRB/elangovanp/UPI--	TRANSFER FROM 5098329162097 / 	40236	 	8,000.00	9,50,122.12
11 Aug 2021	11 Aug 2021	   BY TRANSFER-UPI/CR/122314490253/ELANGOVA/CNRB/elangovanp/Taile--	TRANSFER FROM 4693243162093 / 	40236	 	11,000.00	9,61,122.12
12 Aug 2021	12 Aug 2021	   BY TRANSFER-INB IMPS122416013129/9345152350/XX5773/Purchase--	MAC000804007000          MAC000804007000          TRANSFER FROM 4597947162094 / 	99922	 	1,836.00	9,62,958.12
13 Aug 2021	13 Aug 2021	   BULK POSTING-CR_TAMILNADU SANITARY STO             05548442  12--	 / 	16899	 	176.22	9,63,134.34
13 Aug 2021	13 Aug 2021	BY CLEARING / CHEQUE-KCU   600054002-263784 600002332--263784	 / 263784	10395	 	12,000.00	9,75,134.34
13 Aug 2021	13 Aug 2021	BY CLEARING / CHEQUE-CBI   600016015-123305 600002332--123305	 / 123305	10395	 	500.00	9,75,634.34
13 Aug 2021	13 Aug 2021	   TO TRANSFER-INB NEFT UTR NO: SBIN521225161075--Andavar Marketing PVT LTD	NEFT INB: CNABOOJPA9                              TRANSFER TO 3197944044306 / Andavar Marketing PVT LTD	99922	8,460.00	 	9,67,174.34
13 Aug 2021	13 Aug 2021	   TO TRANSFER-INB NEFT UTR NO: SBIN521225164626--Andavar Marketing PVT LTD	NEFT INB: CNABOOJSL9                              TRANSFER TO 3197944044306 / Andavar Marketing PVT LTD	99922	22,081.00	 	9,45,093.34
13 Aug 2021	13 Aug 2021	   TO TRANSFER-INB Payment towards Invoice/Bill--	CTO8588531               TRANSFER TO 32423647359                           ARAVIND CERAMICS PRIVA / 	99922	11,000.00	 	9,34,093.34
13 Aug 2021	13 Aug 2021	   TO TRANSFER-INB Payment towards Invoice/Bill--	CTO8588232               TRANSFER TO 32423647359                           ARAVIND CERAMICS PRIVA / 	99922	3,300.00	 	9,30,793.34
13 Aug 2021	13 Aug 2021	   TO TRANSFER-INB ICICI_CC Payments--	WSBI0193786597CHH1923968               TRANSFER TO 3199607162091 / 	99922	1,000.00	 	9,29,793.34
14 Aug 2021	14 Aug 2021	   BULK POSTING-CR_TAMILNADU SANITARY STO             05548442  13--	 / 	16899	 	2,438.05	9,32,231.39
14 Aug 2021	14 Aug 2021	   BULK POSTING-CR_TAMILNADU SANITARY STO             05549442  13--	 / 	16899	 	1,842.60	9,34,073.99
14 Aug 2021	14 Aug 2021	   BY TRANSFER-UPI/CR/122668783320/MEERRA S/BARB/meerasivar/payme--	TRANSFER FROM 5099240162097 / 	40236	 	2,500.00	9,36,573.99
15 Aug 2021	15 Aug 2021	   BULK POSTING-CR_TAMILNADU SANITARY STO             05549442  14--	 / 	16899	 	2,384.41	9,38,958.40
16 Aug 2021	16 Aug 2021	   CASH DEPOSIT-CASH DEPOSIT SELF--	 / 	40236	 	14,500.00	9,53,458.40
16 Aug 2021	16 Aug 2021	   TO TRANSFER-INB NEFT UTR NO: SBIN121228506447--Dawoodi Bohra Jamaat Trust chennai	NEFT INB: CNABOQJLO7                              TRANSFER TO 3197944044306 / Dawoodi Bohra Jamaat Trust chennai	99922	5,253.00	 	9,48,205.40
16 Aug 2021	16 Aug 2021	   TO TRANSFER-INB NEFT UTR NO: SBIN121228526118--Sattar Sanitary Stores	NEFT INB: CNABOQKDU0                              TRANSFER TO 3197944044306 / Sattar Sanitary Stores	99922	7,285.00	 	9,40,920.40
16 Aug 2021	16 Aug 2021	   TO TRANSFER-INB NEFT UTR NO: SBIN121228527333--D S Associates	NEFT INB: CNABOQKGN5                              TRANSFER TO 3197944044306 / D S Associates	99922	30,000.00	 	9,10,920.40
16 Aug 2021	16 Aug 2021	   TO TRANSFER-INB NEFT UTR NO: SBIN121228529735--SRI SENI Enterprises	NEFT INB: CNABOQKHZ8                              TRANSFER TO 3197944044306 / SRI SENI Enterprises	99922	4,687.00	 	9,06,233.40
16 Aug 2021	16 Aug 2021	   TO TRANSFER-INB NEFT UTR NO: SBIN121228532522--SRI SENI Enterprises	NEFT INB: CNABOQKJG8                              TRANSFER TO 3197944044306 / SRI SENI Enterprises	99922	8,891.00	 	8,97,342.40
16 Aug 2021	16 Aug 2021	   TO TRANSFER-INB NEFT UTR NO: SBIN121228533506--SRI SENI Enterprises	NEFT INB: CNABOQKKR4                              TRANSFER TO 3197944044306 / SRI SENI Enterprises	99922	7,303.00	 	8,90,039.40
17 Aug 2021	17 Aug 2021	   BULK POSTING-CR_TAMILNADU SANITARY STO             05548442  16--	 / 	16899	 	18,694.97	9,08,734.37
17 Aug 2021	17 Aug 2021	   CASH DEPOSIT-CASH DEPOSIT SELF--	 / 	40236	 	5,500.00	9,14,234.37
18 Aug 2021	18 Aug 2021	BY CLEARING / CHEQUE-CBI   600016030-132909 600002332--132909	 / 132909	10395	 	2,620.00	9,16,854.37
19 Aug 2021	19 Aug 2021	   CASH DEPOSIT-CASH DEPOSIT SELF--	 / 	40236	 	24,500.00	9,41,354.37
19 Aug 2021	19 Aug 2021	   TO TRANSFER-INB--	21083300356946CKR1931367               TRANSFER TO 36959638924                           POOLING ACCOUNT GST-MM / 	99922	4,387.00	 	9,36,967.37
20 Aug 2021	20 Aug 2021	   TO TRANSFER-INB NEFT UTR NO: SBIN421232949632--Andavar Marketing PVT LTD	NEFT INB: CNABOUEJZ8                              TRANSFER TO 3197944044306 / Andavar Marketing PVT LTD	99922	155.00	 	9,36,812.37
20 Aug 2021	20 Aug 2021	   TO TRANSFER-INB NEFT UTR NO: SBIN421232949457--AJANTHA BATHROOM PRODUCTS AND PIPES	NEFT INB: CNABOUELA2                              TRANSFER TO 3197944044306 / AJANTHA BATHROOM PRODUCTS AND PIPES	99922	13,431.00	 	9,23,381.37
20 Aug 2021	20 Aug 2021	   TO TRANSFER-INB NEFT UTR NO: SBIN421232951531--TRISHLA CORPORATION	NEFT INB: CNABOUELI8                              TRANSFER TO 3197944044306 / TRISHLA CORPORATION	99922	6,759.00	 	9,16,622.37
20 Aug 2021	20 Aug 2021	   TO TRANSFER-INB NEFT UTR NO: SBIN421232951598--TRISHLA AGENCIES	NEFT INB: CNABOUEND0                              TRANSFER TO 3197944044306 / TRISHLA AGENCIES	99922	5,111.00	 	9,11,511.37
20 Aug 2021	20 Aug 2021	   TO TRANSFER-INB NEFT UTR NO: SBIN421232952617--NOBEL TILES WORLD	NEFT INB: CNABOUEMO4                              TRANSFER TO 3197944044306 / NOBEL TILES WORLD	99922	14,725.00	 	8,96,786.37
20 Aug 2021	20 Aug 2021	   TO TRANSFER-INB NEFT UTR NO: SBIN421232953139--NOBEL TILES WORLD	NEFT INB: CNABOUENQ4                              TRANSFER TO 3197944044306 / NOBEL TILES WORLD	99922	22,075.00	 	8,74,711.37
20 Aug 2021	20 Aug 2021	   TO TRANSFER-INB NEFT UTR NO: SBIN421232951805--Andavar Marketing PVT LTD	NEFT INB: CNABOUEOR6                              TRANSFER TO 3197944044306 / Andavar Marketing PVT LTD	99922	11,746.00	 	8,62,965.37
20 Aug 2021	20 Aug 2021	   TO TRANSFER-INB NEFT UTR NO: SBIN421232953671--Andavar Marketing PVT LTD	NEFT INB: CNABOUEPO8                              TRANSFER TO 3197944044306 / Andavar Marketing PVT LTD	99922	10,530.00	 	8,52,435.37
20 Aug 2021	20 Aug 2021	   TO TRANSFER-INB NEFT UTR NO: SBIN421232954163--WATERTEC INDIA PVT LTD	NEFT INB: CNABOUEPW2                              TRANSFER TO 3197944044306 / WATERTEC INDIA PVT LTD	99922	21,000.00	 	8,31,435.37
20 Aug 2021	20 Aug 2021	   BULK POSTING-CR_TAMILNADU SANITARY STO             05549442  19--	 / 	16899	 	734.25	8,32,169.62
20 Aug 2021	20 Aug 2021	   BULK POSTING-CR_TAMILNADU SANITARY STO             05548442  19--	 / 	16899	 	7,989.65	8,40,159.27
20 Aug 2021	20 Aug 2021	   CSH DEP (CDM)-9092052786--	 / 	4292	 	11,000.00	8,51,159.27
21 Aug 2021	21 Aug 2021	   TO TRANSFER-INB NEFT UTR NO: SBIN521233544051--SUPER TRADING CORPORATION	NEFT INB: CNABOVAEJ9                              TRANSFER TO 3197944044306 / SUPER TRADING CORPORATION	99922	13,410.00	 	8,37,749.27
21 Aug 2021	21 Aug 2021	   TO TRANSFER-INB NEFT UTR NO: SBIN521233543270--AIM TECH VIKING	NEFT INB: CNABOVAGB2                              TRANSFER TO 3197944044306 / AIM TECH VIKING	99922	8,525.00	 	8,29,224.27
21 Aug 2021	21 Aug 2021	   TO TRANSFER-INB NEFT UTR NO: SBIN521233545532--Lakshmi Hayagrivaa Maarketing	NEFT INB: CNABOVAFQ7                              TRANSFER TO 3197944044306 / Lakshmi Hayagrivaa Maarketing	99922	4,687.00	 	8,24,537.27
21 Aug 2021	21 Aug 2021	   TO TRANSFER-INB NEFT UTR NO: SBIN521233547369--Sattar Sanitary Stores	NEFT INB: CNABOVAJX9                              TRANSFER TO 3197944044306 / Sattar Sanitary Stores	99922	18,089.00	 	8,06,448.27
21 Aug 2021	21 Aug 2021	   TO TRANSFER-INB NEFT UTR NO: SBIN521233546389--SHRI Venkateswar Agency	NEFT INB: CNABOVAKU8                              TRANSFER TO 3197944044306 / SHRI Venkateswar Agency	99922	7,809.00	 	7,98,639.27
21 Aug 2021	21 Aug 2021	   TO TRANSFER-INB NEFT UTR NO: SBIN521233549248--Dural Trims and Profiles P Ltd	NEFT INB: CNABOVAMD7                              TRANSFER TO 3197944044306 / Dural Trims and Profiles P Ltd	99922	2,593.00	 	7,96,046.27
21 Aug 2021	21 Aug 2021	   TO TRANSFER-INB--	371471900CHH2607448               TRANSFER TO 30552730897                           TANGEDCO / 	99922	1,386.00	 	7,94,660.27
21 Aug 2021	21 Aug 2021	   BULK POSTING-CR_TAMILNADU SANITARY STO             05549442  20--	 / 	16899	 	5,852.18	8,00,512.45
21 Aug 2021	21 Aug 2021	   BY TRANSFER-NEFTRRSBIN521233546389(21-08-21)Account Closed--	TRANSFER FROM 3199304402368 / 	4430	 	7,809.00	8,08,321.45
21 Aug 2021	21 Aug 2021	CHEQUE WDL-CHEQUE TRANSFER TO--555470	TRANSFER FROM 32818937606                         GOLDEN HARDWARE CENTRE / 555470	40236	1,757.00	 	8,06,564.45
21 Aug 2021	21 Aug 2021	   BY TRANSFER-NEFT*HDFC0000240*N233211608883726*THG PUBLISHING P--	TRANSFER FROM 3199681044308 / 	4430	 	7,380.00	8,13,944.45
22 Aug 2021	22 Aug 2021	   TO TRANSFER-INB Commission of CHH2607448---	CHH2607448CXA5741912               TRANSFER TO 3197691073477 / 	99922	11.80	 	8,13,932.65
22 Aug 2021	22 Aug 2021	   BULK POSTING-CR_TAMILNADU SANITARY STO             05549442  21--	 / 	16899	 	22,288.20	8,36,220.85
23 Aug 2021	23 Aug 2021	TO CLEARING-IOB   JUMMA MASJID--555443	 / 555443	10395	14,550.00	 	8,21,670.85
23 Aug 2021	23 Aug 2021	TO CLEARING-IOB   UDAYA ENTERPRISES--555469	 / 555469	10395	1,945.00	 	8,19,725.85
23 Aug 2021	23 Aug 2021	   BULK POSTING-CR_TAMILNADU SANITARY STO             05548442  22--	 / 	16899	 	1,992.00	8,21,717.85
23 Aug 2021	23 Aug 2021	   CASH DEPOSIT-CASH DEPOSIT SELF--	 / 	40236	 	40,000.00	8,61,717.85
23 Aug 2021	23 Aug 2021	   TO TRANSFER-INB--	110255118111CHH2729255               TRANSFER TO 4599221162094 / 	99922	1,871.87	 	8,59,845.98
23 Aug 2021	23 Aug 2021	   TO TRANSFER-INB--	110255120053CHH2729889               TRANSFER TO 4599222162093 / 	99922	731.60	 	8,59,114.38
23 Aug 2021	23 Aug 2021	   TO TRANSFER-INB--	110255122698CHH2730132               TRANSFER TO 4599221162094 / 	99922	1,296.82	 	8,57,817.56
23 Aug 2021	23 Aug 2021	   TO TRANSFER-INB--	13858870002CHH2730352               TRANSFER TO 4599558162090 / 	99922	1,296.82	 	8,56,520.74
24 Aug 2021	24 Aug 2021	   BULK POSTING-CR_TAMILNADU SANITARY STO             05549442  23--	 / 	16899	 	8,330.51	8,64,851.25
24 Aug 2021	24 Aug 2021	BY CLEARING / CHEQUE-PNB   600024029-752438 600002332--752438	 / 752438	10395	 	40,000.00	9,04,851.25
24 Aug 2021	24 Aug 2021	   CASH DEPOSIT-CASH DEPOSIT SELF--	 / 	40236	 	29,500.00	9,34,351.25
24 Aug 2021	24 Aug 2021	CASH CHEQUE-CASH WITHDRAWAL BY CHQ--555474	 / 555474	40236	15,000.00	 	9,19,351.25
24 Aug 2021	24 Aug 2021	CHEQUE WDL-CHEQUE TRANSFER TO--555472	TRANSFER FROM 20038598235                         Mr. ABBAS  HATIMBHOY K / 555472	40236	33,000.00	 	8,86,351.25
24 Aug 2021	24 Aug 2021	   OUT-CHQ RETURN-01Funds Insufficientt requiredn on usresent againr--	 / 	10395	40,000.00	 	8,46,351.25
24 Aug 2021	24 Aug 2021	cheque returned charges---752438	 / 752438	10395	295.00	 	8,46,056.25
25 Aug 2021	25 Aug 2021	TO CLEARING-CAB   SE CEDC CENTRAL TANGEDCO--555471	 / 555471	10395	5,034.00	 	8,41,022.25
25 Aug 2021	25 Aug 2021	   BULK POSTING-CR_TAMILNADU SANITARY STO             05549442  24--	 / 	16899	 	7,717.16	8,48,739.41
25 Aug 2021	25 Aug 2021	   BULK POSTING-CR_TAMILNADU SANITARY STO             05548442  24--	 / 	16899	 	1,223.75	8,49,963.16
25 Aug 2021	25 Aug 2021	   CASH DEPOSIT-CASH DEPOSIT SELF--	 / 	40236	 	54,000.00	9,03,963.16
26 Aug 2021	26 Aug 2021	   TO TRANSFER-INB NEFT UTR NO: SBIN321238741666--NOBEL TILES WORLD	NEFT INB: CNABOZASC5                              TRANSFER TO 3197944044306 / NOBEL TILES WORLD	99922	9,740.00	 	8,94,223.16
26 Aug 2021	26 Aug 2021	   TO TRANSFER-INB NEFT UTR NO: SBIN321238741886--AAA PEE Appliances	NEFT INB: CNABOZASP0                              TRANSFER TO 3197944044306 / AAA PEE Appliances	99922	6,558.00	 	8,87,665.16
26 Aug 2021	26 Aug 2021	   TO TRANSFER-INB NEFT UTR NO: SBIN321238743514--D S Associates	NEFT INB: CNABOZAUM0                              TRANSFER TO 3197944044306 / D S Associates	99922	35,000.00	 	8,52,665.16
26 Aug 2021	26 Aug 2021	   BULK POSTING-CR_TAMILNADU SANITARY STO             05549442  25--	 / 	16899	 	6,272.67	8,58,937.83
26 Aug 2021	26 Aug 2021	BY CLEARING / CHEQUE-KOT   600485017-013093 600002332--13093	 / 13093	10395	 	1,100.00	8,60,037.83
26 Aug 2021	26 Aug 2021	   CASH DEPOSIT-CASH DEPOSIT SELF--	 / 	40236	 	19,500.00	8,79,537.83
27 Aug 2021	27 Aug 2021	TO CLEARING-KVB   SHRI VENKATESWAR AGENCY--555475	 / 555475	10395	7,809.00	 	8,71,728.83
27 Aug 2021	27 Aug 2021	TO CLEARING-HDF   Bennett Coleman Co L Chen--555468	 / 555468	10395	899.00	 	8,70,829.83
27 Aug 2021	27 Aug 2021	   BULK POSTING-CR_TAMILNADU SANITARY STO             05549442  26--	 / 	16899	 	11,286.15	8,82,115.98
28 Aug 2021	28 Aug 2021	   BULK POSTING-CR_TAMILNADU SANITARY STO             05549442  27--	 / 	16899	 	21,667.42	9,03,783.40
29 Aug 2021	29 Aug 2021	   TO TRANSFER-INB NEFT UTR NO: SBIN521241803119--Andavar Marketing PVT LTD	NEFT INB: CNABPBTIY2                              TRANSFER TO 3197944044306 / Andavar Marketing PVT LTD	99922	8,855.00	 	8,94,928.40
29 Aug 2021	29 Aug 2021	   TO TRANSFER-INB NEFT UTR NO: SBIN521241802673--Andavar Marketing PVT LTD	NEFT INB: CNABPBTIZ3                              TRANSFER TO 3197944044306 / Andavar Marketing PVT LTD	99922	9,425.00	 	8,85,503.40
29 Aug 2021	29 Aug 2021	   TO TRANSFER-INB NEFT UTR NO: SBIN521241803589--TRISHLA AGENCIES	NEFT INB: CNABPBTJB5                              TRANSFER TO 3197944044306 / TRISHLA AGENCIES	99922	12,140.00	 	8,73,363.40
29 Aug 2021	29 Aug 2021	   TO TRANSFER-INB NEFT UTR NO: SBIN521241803248--TRISHLA CORPORATION	NEFT INB: CNABPBTHP3                              TRANSFER TO 3197944044306 / TRISHLA CORPORATION	99922	2,013.00	 	8,71,350.40
29 Aug 2021	29 Aug 2021	   TO TRANSFER-INB NEFT UTR NO: SBIN521241803306--VALLI STEEL INDUSTRIES PVT LTD	NEFT INB: CNABPBTJE2                              TRANSFER TO 3197944044306 / VALLI STEEL INDUSTRIES PVT LTD	99922	9,580.00	 	8,61,770.40
29 Aug 2021	29 Aug 2021	   TO TRANSFER-INB NEFT UTR NO: SBIN521241802929--SRI SENI Enterprises	NEFT INB: CNABPBTHT3                              TRANSFER TO 3197944044306 / SRI SENI Enterprises	99922	8,181.00	 	8,53,589.40
29 Aug 2021	29 Aug 2021	   TO TRANSFER-INB NEFT UTR NO: SBIN521241803391--Sattar Sanitary Stores	NEFT INB: CNABPBTJI4                              TRANSFER TO 3197944044306 / Sattar Sanitary Stores	99922	7,399.00	 	8,46,190.40
29 Aug 2021	29 Aug 2021	   TO TRANSFER-INB NEFT UTR NO: SBIN521241803423--MANGALAM SANITARY	NEFT INB: CNABPBTJK1                              TRANSFER TO 3197944044306 / MANGALAM SANITARY	99922	14,379.00	 	8,31,811.40
29 Aug 2021	29 Aug 2021	   TO TRANSFER-INB NEFT UTR NO: SBIN521241803841--Shabbir Sanitary Stores	NEFT INB: CNABPBTJL6                              TRANSFER TO 3197944044306 / Shabbir Sanitary Stores	99922	2,655.00	 	8,29,156.40
29 Aug 2021	29 Aug 2021	   TO TRANSFER-INB NEFT UTR NO: SBIN521241804620--AJANTHA BATHROOM PRODUCTS AND PIPES	NEFT INB: CNABPBTHZ1                              TRANSFER TO 3197944044306 / AJANTHA BATHROOM PRODUCTS AND PIPES	99922	11,158.00	 	8,17,998.40
29 Aug 2021	29 Aug 2021	   TO TRANSFER-INB NEFT UTR NO: SBIN521241801486--PROVIDENT MARKETING	NEFT INB: CNABPBTLC0                              TRANSFER TO 3197944044306 / PROVIDENT MARKETING	99922	8,518.00	 	8,09,480.40
29 Aug 2021	29 Aug 2021	   TO TRANSFER-INB NEFT UTR NO: SBIN521241803958--SHYAMS ENTERPRISES	NEFT INB: CNABPBTJX4                              TRANSFER TO 3197944044306 / SHYAMS ENTERPRISES	99922	7,455.00	 	8,02,025.40
29 Aug 2021	29 Aug 2021	   TO TRANSFER-INB NEFT UTR NO: SBIN521241803992--GUPTA SALES CORPORATION	NEFT INB: CNABPBTJY6                              TRANSFER TO 3197944044306 / GUPTA SALES CORPORATION	99922	3,402.00	 	7,98,623.40
29 Aug 2021	29 Aug 2021	   TO TRANSFER-INB NEFT UTR NO: SBIN521241806019--K M CERAMICS	NEFT INB: CNABPBTKA8                              TRANSFER TO 3197944044306 / K M CERAMICS	99922	25,950.00	 	7,72,673.40
29 Aug 2021	29 Aug 2021	   BULK POSTING-CR_TAMILNADU SANITARY STO             05549442  28--	 / 	16899	 	1,664.30	7,74,337.70
30 Aug 2021	30 Aug 2021	   TO TRANSFER-INB NEFT UTR NO: SBIN521242999265--Paandurangaa Binding and Printing	NEFT INB: CNABPCAQO9                              TRANSFER TO 3197944044306 / Paandurangaa Binding and Printing	99922	4,500.00	 	7,69,837.70
30 Aug 2021	30 Aug 2021	   TO TRANSFER-INB Payment towards Invoice/Bill--	CTP0434906               TRANSFER TO 31547097771                           KHUZEMA MAMUWALA AND C / 	99922	9,431.00	 	7,60,406.70
31 Aug 2021	31 Aug 2021	   BY TRANSFER-UPI/CR/124354876347/HARI CHA/HDFC/hari.chand/madam--	TRANSFER FROM 4693178162097 / 	40236	 	7,650.00	7,68,056.70
31 Aug 2021	31 Aug 2021	   BULK POSTING-CR_TAMILNADU SANITARY STO             05549442  30--	 / 	16899	 	6,738.40	7,74,795.10
31 Aug 2021	31 Aug 2021	   CASH DEPOSIT-CASH DEPOSIT SELF--	 / 	40236	 	45,000.00	8,19,795.10
31 Aug 2021	31 Aug 2021	   BY TRANSFER-UPI/CR/124359810840/LOGANATH/IOBA/dkenterpri/tiles--	TRANSFER FROM 5098306162093 / 	40236	 	26,500.00	8,46,295.10

**This is a computer generated statement and does not require a signature