Account Name       :                	TAMILNADU SANITARY STORES
Address            :	NO 143,  KUTCHERY ROAD,  MYLAPORE  Chennai
                                    	CHENNAI
                                    	TAMILNADU-600004
                                    	India
Date               :                	2 Jan 2022
Account Number     :	_00000030976446269
Account Description:	CA-REGULAR-PUB-OTH-ALL-INR
Branch             :	SANTHOME
Drawing Power      :	0.00
Interest Rate(% p.a.):	0.0
MOD Balance      :	0.00
CIF No.          :	_85676868920
IFS Code         :	SBIN0040236
MICR Code        :	_600002332
Balance on 1 Dec 2021        :	7,89,428.35
Start Date          :	1 Dec 2021
End Date            :	31 Dec 2021
Txn Date	Value Date	Description	Ref No./Cheque No.	Branch Code	        Debit	Credit	Balance	
1 Dec 2021	1 Dec 2021	   BULK POSTING-CR_TAMILNADU SANITARY STO             05549442  30--	 / 	16899	 	1,869.89	7,91,298.24
1 Dec 2021	1 Dec 2021	   BY TRANSFER-UPI/CR/133582843766/PRABAKAR/KVBL/prabakaran/UPI--	TRANSFER FROM 5098394162099 / 	40236	 	1.00	7,91,299.24
1 Dec 2021	1 Dec 2021	   BY TRANSFER-UPI/CR/133582980238/PRABAKAR/KVBL/prabakaran/UPI--	TRANSFER FROM 4693202162091 / 	40236	 	1,700.00	7,92,999.24
1 Dec 2021	1 Dec 2021	   TO TRANSFER-INB NEFT UTR NO: SBIN421335325922--International Sales Corporation	NEFT INB: CNABSNECQ9                              TRANSFER TO 4899157044304 / International Sales Corporation	99922	10,000.00	 	7,82,999.24
1 Dec 2021	1 Dec 2021	   TO TRANSFER-INB NEFT UTR NO: SBIN421335330734--Flobest Marketing	NEFT INB: CNABSNEDB3                              TRANSFER TO 4899157044304 / Flobest Marketing	99922	10,000.00	 	7,72,999.24
1 Dec 2021	1 Dec 2021	   TO TRANSFER-INB NEFT UTR NO: SBIN421335333836--Sattar Sanitary Stores	NEFT INB: CNABSNEDR5                              TRANSFER TO 4899157044304 / Sattar Sanitary Stores	99922	15,262.00	 	7,57,737.24
1 Dec 2021	1 Dec 2021	   TO TRANSFER-INB NEFT UTR NO: SBIN421335345818--MANGALAM SANITARY	NEFT INB: CNABSNEGA2                              TRANSFER TO 4899157044304 / MANGALAM SANITARY	99922	11,905.00	 	7,45,832.24
1 Dec 2021	1 Dec 2021	   TO TRANSFER-INB NEFT UTR NO: SBIN421335351926--SRI SENI Enterprises	NEFT INB: CNABSNEGJ9                              TRANSFER TO 4899157044304 / SRI SENI Enterprises	99922	13,787.00	 	7,32,045.24
1 Dec 2021	1 Dec 2021	   TO TRANSFER-INB NEFT UTR NO: SBIN421335359150--D S Associates	NEFT INB: CNABSNEJP5                              TRANSFER TO 4899157044304 / D S Associates	99922	13,402.00	 	7,18,643.24
2 Dec 2021	2 Dec 2021	   BULK POSTING-CR_TAMILNADU SANITARY STO             05549442  01--	 / 	16899	 	724.46	7,19,367.70
2 Dec 2021	2 Dec 2021	   CASH DEPOSIT-CASH DEPOSIT SELF--	 / 	40236	 	25,000.00	7,44,367.70
2 Dec 2021	2 Dec 2021	BY CLEARING / CHEQUE-INB   600019092-339113 600002332--339113	 / 339113	10395	 	2,000.00	7,46,367.70
2 Dec 2021	2 Dec 2021	   BY TRANSFER-NEFT*IDFB0080107*IDFBH21336184728*SHAANVI ELECTRON--	TRANSFER FROM 3199969044303 / 	4430	 	15,000.00	7,61,367.70
2 Dec 2021	2 Dec 2021	   BY TRANSFER-INB IMPS133620775851/9962715908/XX1518/MB Sent to--	MAB000920159655          MAB000920159655          TRANSFER FROM 4897999162096 / 	99922	 	50,000.00	8,11,367.70
3 Dec 2021	3 Dec 2021	   BULK POSTING-CR_TAMILNADU SANITARY STO             05549442  02--	 / 	16899	 	6,192.64	8,17,560.34
3 Dec 2021	3 Dec 2021	   TO TRANSFER-INB NEFT UTR NO: SBIN121337132359--Andavar Marketing PVT LTD	NEFT INB: CNABSOSWX2                              TRANSFER TO 4899157044304 / Andavar Marketing PVT LTD	99922	23,351.00	 	7,94,209.34
3 Dec 2021	3 Dec 2021	   TO TRANSFER-INB NEFT UTR NO: SBIN121337133242--NOBEL TILES WORLD	NEFT INB: CNABSOSXN7                              TRANSFER TO 4899157044304 / NOBEL TILES WORLD	99922	175.00	 	7,94,034.34
3 Dec 2021	3 Dec 2021	   TO TRANSFER-INB NEFT UTR NO: SBIN121337136039--NOBEL TILES WORLD	NEFT INB: CNABSOSYC7                              TRANSFER TO 4899157044304 / NOBEL TILES WORLD	99922	17,125.00	 	7,76,909.34
3 Dec 2021	3 Dec 2021	   TO TRANSFER-INB NEFT UTR NO: SBIN121337142532--K M CERAMICS	NEFT INB: CNABSOTGU2                              TRANSFER TO 4899157044304 / K M CERAMICS	99922	20,400.00	 	7,56,509.34
3 Dec 2021	3 Dec 2021	   TO TRANSFER-INB NEFT UTR NO: SBIN121337143631--G Shanmugam Traders	NEFT INB: CNABSOTHY0                              TRANSFER TO 4899157044304 / G Shanmugam Traders	99922	10,037.00	 	7,46,472.34
3 Dec 2021	3 Dec 2021	   BY TRANSFER-UPI/CR/133725304530/GAYATHRI/CNRB/jithendras/UPI--	TRANSFER FROM 5098577162092 / 	40236	 	2,370.00	7,48,842.34
4 Dec 2021	4 Dec 2021	   CASH DEPOSIT-CASH DEPOSIT SELF--	 / 	40236	 	61,000.00	8,09,842.34
4 Dec 2021	4 Dec 2021	   BULK POSTING-CR_TAMILNADU SANITARY STO             05549442  03--	 / 	16899	 	4,651.80	8,14,494.14
4 Dec 2021	4 Dec 2021	   BY TRANSFER-UPI/CR/133816379647/VAISHNAV/CNRB/vaish2u@ok/UPI--	TRANSFER FROM 5099178162099 / 	40236	 	2,600.00	8,17,094.14
6 Dec 2021	6 Dec 2021	   TO TRANSFER-INB Salary Payment--	CTQ2732390               TRANSFER TO 32950808735                           Mr. KASI  R / 	99922	17,000.00	 	8,00,094.14
6 Dec 2021	6 Dec 2021	   TO TRANSFER-INB Salary Payment--	CTQ2732643               TRANSFER TO 31054735034                           Mr. NOUSHAD  ABDUL SAL / 	99922	14,500.00	 	7,85,594.14
6 Dec 2021	6 Dec 2021	   TO TRANSFER-INB NEFT UTR NO: SBIN321340277028--ARUNKUMAR MANOHARAN	NEFT INB: CNABSRAVV0                              TRANSFER TO 4899157044304 / ARUNKUMAR MANOHARAN	99922	5,000.00	 	7,80,594.14
6 Dec 2021	6 Dec 2021	   TO TRANSFER-INB NEFT UTR NO: SBIN321340277558--JACINTHA MARY	NEFT INB: CNABSRAXY3                              TRANSFER TO 4899157044304 / JACINTHA MARY	99922	1,946.00	 	7,78,648.14
6 Dec 2021	6 Dec 2021	   CASH DEPOSIT-CASH DEPOSIT SELF--	 / 	40236	 	16,500.00	7,95,148.14
6 Dec 2021	6 Dec 2021	   BULK POSTING-CR_TAMILNADU SANITARY STO             05549442  05--	 / 	16899	 	17,131.32	8,12,279.46
6 Dec 2021	6 Dec 2021	   CASH DEPOSIT-CASH DEPOSIT SELF--	 / 	40236	 	50,000.00	8,62,279.46
7 Dec 2021	7 Dec 2021	   TO TRANSFER-INB NEFT UTR NO: SBIN421341660807--SUPER TRADING CORPORATION	NEFT INB: CNABSSFAQ1                              TRANSFER TO 4899157044304 / SUPER TRADING CORPORATION	99922	17,400.00	 	8,44,879.46
7 Dec 2021	7 Dec 2021	   TO TRANSFER-INB NEFT UTR NO: SBIN421341679622--SUPER TRADING CORPORATION	NEFT INB: CNABSSGCQ4                              TRANSFER TO 4899157044304 / SUPER TRADING CORPORATION	99922	236.00	 	8,44,643.46
7 Dec 2021	7 Dec 2021	   TO TRANSFER-INB NEFT UTR NO: SBIN421341681760--SHYAMS ENTERPRISES	NEFT INB: CNABSSGEJ4                              TRANSFER TO 4899157044304 / SHYAMS ENTERPRISES	99922	4,013.00	 	8,40,630.46
7 Dec 2021	7 Dec 2021	   TO TRANSFER-INB NEFT UTR NO: SBIN421341684751--Andavar Marketing PVT LTD	NEFT INB: CNABSSGHF5                              TRANSFER TO 4899157044304 / Andavar Marketing PVT LTD	99922	6,820.00	 	8,33,810.46
7 Dec 2021	7 Dec 2021	   TO TRANSFER-INB NEFT UTR NO: SBIN421341687549--Andavar Marketing PVT LTD	NEFT INB: CNABSSGFY1                              TRANSFER TO 4899157044304 / Andavar Marketing PVT LTD	99922	20,000.00	 	8,13,810.46
7 Dec 2021	7 Dec 2021	   BULK POSTING-CR_TAMILNADU SANITARY STO             05549442  06--	 / 	16899	 	42,727.23	8,56,537.69
7 Dec 2021	7 Dec 2021	   CASH DEPOSIT-CASH DEPOSIT SELF--	 / 	40236	 	13,500.00	8,70,037.69
7 Dec 2021	7 Dec 2021	   CASH DEPOSIT-CASH DEPOSIT SELF--	 / 	40236	 	17,000.00	8,87,037.69
8 Dec 2021	8 Dec 2021	   TO TRANSFER-INB NEFT UTR NO: SBIN121342127489--FRIENDLY SERVICES	NEFT INB: CNABSTRMF4                              TRANSFER TO 4899157044304 / FRIENDLY SERVICES	99922	4,943.00	 	8,82,094.69
8 Dec 2021	8 Dec 2021	   TO TRANSFER-INB NEFT UTR NO: SBIN121342130834--ASHA ENTERPRISES	NEFT INB: CNABSTROD0                              TRANSFER TO 4899157044304 / ASHA ENTERPRISES	99922	1,650.00	 	8,80,444.69
8 Dec 2021	8 Dec 2021	   TO TRANSFER-INB NEFT UTR NO: SBIN121342132325--VASSAVI TRADERS	NEFT INB: CNABSTROO4                              TRANSFER TO 4899157044304 / VASSAVI TRADERS	99922	8,315.00	 	8,72,129.69
8 Dec 2021	8 Dec 2021	   TO TRANSFER-INB NEFT UTR NO: SBIN121342135553--GUPTA SALES CORPORATION	NEFT INB: CNABSTRRJ6                              TRANSFER TO 4899157044304 / GUPTA SALES CORPORATION	99922	6,618.00	 	8,65,511.69
8 Dec 2021	8 Dec 2021	   TO TRANSFER-INB NEFT UTR NO: SBIN121342136603--K M CERAMICS	NEFT INB: CNABSTRSM2                              TRANSFER TO 4899157044304 / K M CERAMICS	99922	26,000.00	 	8,39,511.69
8 Dec 2021	8 Dec 2021	   TO TRANSFER-INB NEFT UTR NO: SBIN121342136306--NOBEL TILES WORLD	NEFT INB: CNABSTRUL7                              TRANSFER TO 4899157044304 / NOBEL TILES WORLD	99922	15,000.00	 	8,24,511.69
8 Dec 2021	8 Dec 2021	   TO TRANSFER-INB NEFT UTR NO: SBIN121342140597--SRI SENI Enterprises	NEFT INB: CNABSTRXS7                              TRANSFER TO 4899157044304 / SRI SENI Enterprises	99922	8,054.00	 	8,16,457.69
8 Dec 2021	8 Dec 2021	   TO TRANSFER-INB NEFT UTR NO: SBIN121342139948--SRI SENI Enterprises	NEFT INB: CNABSTRZG8                              TRANSFER TO 4899157044304 / SRI SENI Enterprises	99922	2,530.00	 	8,13,927.69
8 Dec 2021	8 Dec 2021	   BY TRANSFER-UPI/CR/134259905887/E RAJESH/HDFC/rajesh4720/close--	TRANSFER FROM 5098418162096 / 	20252	 	10,000.00	8,23,927.69
8 Dec 2021	8 Dec 2021	   CASH DEPOSIT-CASH DEPOSIT SELF--	 / 	40236	 	10,000.00	8,33,927.69
8 Dec 2021	8 Dec 2021	   CASH DEPOSIT-CASH DEPOSIT SELF--	 / 	40236	 	65,000.00	8,98,927.69
8 Dec 2021	8 Dec 2021	   BULK POSTING-CR_TAMILNADU SANITARY STO             05549442  07--	 / 	16899	 	3,749.00	9,02,676.69
9 Dec 2021	9 Dec 2021	   BULK POSTING-CR_TAMILNADU SANITARY STO             05549442  08--	 / 	16899	 	1,195.20	9,03,871.89
9 Dec 2021	9 Dec 2021	   BY TRANSFER-NEFT*DBSS0IN0811*0811OP1100198096*CHEMPLAST SANMAR--	TRANSFER FROM 3199416044303 / 	4430	 	530.00	9,04,401.89
10 Dec 2021	10 Dec 2021	TO CLEARING-TMB   HAPPY ZONE HEALTH STORE--450463	 / 450463	10395	3,000.00	 	9,01,401.89
10 Dec 2021	10 Dec 2021	   CASH DEPOSIT-CASH DEPOSIT SELF--	 / 	40236	 	13,000.00	9,14,401.89
10 Dec 2021	10 Dec 2021	   TO TRANSFER-INB NEFT UTR NO: SBIN321344430732--Andavar Marketing PVT LTD	NEFT INB: CNABSVVZG9                              TRANSFER TO 4899157044304 / Andavar Marketing PVT LTD	99922	11,262.00	 	9,03,139.89
10 Dec 2021	10 Dec 2021	   TO TRANSFER-INB NEFT UTR NO: SBIN321344441113--NOBEL TILES WORLD	NEFT INB: CNABSVWKF6                              TRANSFER TO 4899157044304 / NOBEL TILES WORLD	99922	15,000.00	 	8,88,139.89
10 Dec 2021	10 Dec 2021	   TO TRANSFER-INB NEFT UTR NO: SBIN321344471210--NOBEL TILES WORLD	NEFT INB: CNABSVXSG3                              TRANSFER TO 4899157044304 / NOBEL TILES WORLD	99922	815.00	 	8,87,324.89
10 Dec 2021	10 Dec 2021	   TO TRANSFER-INB NEFT UTR NO: SBIN321344473545--AJANTHA BATHROOM PRODUCTS AND PIPES	NEFT INB: CNABSVXUH1                              TRANSFER TO 4899157044304 / AJANTHA BATHROOM PRODUCTS AND PIPES	99922	12,854.00	 	8,74,470.89
10 Dec 2021	10 Dec 2021	   TO TRANSFER-INB NEFT UTR NO: SBIN321344477303--GERMA Sanitarywares PVT LTD	NEFT INB: CNABSVXXG4                              TRANSFER TO 4899157044304 / GERMA Sanitarywares PVT LTD	99922	5,065.00	 	8,69,405.89
10 Dec 2021	10 Dec 2021	   TO TRANSFER-INB NEFT UTR NO: SBIN321344479212--D S Associates	NEFT INB: CNABSVXYR5                              TRANSFER TO 4899157044304 / D S Associates	99922	18,281.00	 	8,51,124.89
10 Dec 2021	10 Dec 2021	   BULK POSTING-CR_TAMILNADU SANITARY STO             05549442  09--	 / 	16899	 	19,500.00	8,70,624.89
10 Dec 2021	10 Dec 2021	   CASH DEPOSIT-CASH DEPOSIT SELF--	 / 	40236	 	13,000.00	8,83,624.89
10 Dec 2021	10 Dec 2021	BY CLEARING / CHEQUE-PNB   600024082-570069 600002332--570069	 / 570069	10395	 	17,110.00	9,00,734.89
10 Dec 2021	10 Dec 2021	CHQ TRANSFER-CHEQUE TRANSFER TO--450465	 / 450465	40236	36,180.00	 	8,64,554.89
10 Dec 2021	10 Dec 2021	   CASH DEPOSIT-CASH DEPOSIT SELF--	 / 	40236	 	8,000.00	8,72,554.89
11 Dec 2021	11 Dec 2021	   TO TRANSFER-INB NEFT UTR NO: SBIN421345736534--International Sales Corporation	NEFT INB: CNABSXCGT7                              TRANSFER TO 4899157044304 / International Sales Corporation	99922	2,745.00	 	8,69,809.89
11 Dec 2021	11 Dec 2021	   TO TRANSFER-INB NEFT UTR NO: SBIN421345737140--PRECI TECH PLASTICS	NEFT INB: CNABSXCGX1                              TRANSFER TO 4899157044304 / PRECI TECH PLASTICS	99922	6,648.00	 	8,63,161.89
11 Dec 2021	11 Dec 2021	   TO TRANSFER-INB NEFT UTR NO: SBIN421345735468--Sri Kesava Traders	NEFT INB: CNABSXCIH9                              TRANSFER TO 4899157044304 / Sri Kesava Traders	99922	6,020.00	 	8,57,141.89
11 Dec 2021	11 Dec 2021	   TO TRANSFER-INB NEFT UTR NO: SBIN421345737387--SHRI Venkateswar Agency	NEFT INB: CNABSXCJK8                              TRANSFER TO 4899157044304 / SHRI Venkateswar Agency	99922	7,000.00	 	8,50,141.89
11 Dec 2021	11 Dec 2021	   TO TRANSFER-INB NEFT UTR NO: SBIN421345737601--Shabbir Sanitary Stores	NEFT INB: CNABSXCKE8                              TRANSFER TO 4899157044304 / Shabbir Sanitary Stores	99922	10,514.00	 	8,39,627.89
11 Dec 2021	11 Dec 2021	   TO TRANSFER-INB NEFT UTR NO: SBIN421345737675--Flobest Marketing	NEFT INB: CNABSXCJE0                              TRANSFER TO 4899157044304 / Flobest Marketing	99922	7,087.00	 	8,32,540.89
11 Dec 2021	11 Dec 2021	   TO TRANSFER-INB NEFT UTR NO: SBIN421345739175--Sattar Sanitary Stores	NEFT INB: CNABSXCLR1                              TRANSFER TO 4899157044304 / Sattar Sanitary Stores	99922	17,813.00	 	8,14,727.89
11 Dec 2021	11 Dec 2021	   TO TRANSFER-INB NEFT UTR NO: SBIN421345739289--SHYAMS ENTERPRISES	NEFT INB: CNABSXCNI1                              TRANSFER TO 4899157044304 / SHYAMS ENTERPRISES	99922	6,164.00	 	8,08,563.89
11 Dec 2021	11 Dec 2021	   TO TRANSFER-INB NEFT UTR NO: SBIN421345738970--D S Associates	NEFT INB: CNABSXCMB5                              TRANSFER TO 4899157044304 / D S Associates	99922	20,000.00	 	7,88,563.89
11 Dec 2021	11 Dec 2021	   BULK POSTING-CR_TAMILNADU SANITARY STO             05549442  10--	 / 	16899	 	1,057.32	7,89,621.21
11 Dec 2021	11 Dec 2021	   BY TRANSFER-UPI/CR/134553962137/SOMNATH B/BARB/somnath.ba/sani--	TRANSFER FROM 4693582162096 / 	40236	 	1,080.00	7,90,701.21
12 Dec 2021	12 Dec 2021	   BY TRANSFER-INB IMPS134608876698/9003072589/XX5206/--	MAD000025262473          MAD000025262473          TRANSFER FROM 4898035162095 / 	99922	 	3,850.00	7,94,551.21
12 Dec 2021	12 Dec 2021	   TO TRANSFER-INB NEFT UTR NO: SBIN521346076417--Expanded Metal Mart	NEFT INB: CNABSXWWW6                              TRANSFER TO 4899157044304 / Expanded Metal Mart	99922	7,801.00	 	7,86,750.21
12 Dec 2021	12 Dec 2021	   TO TRANSFER-INB NEFT UTR NO: SBIN521346076477--MANGALAM SANITARY	NEFT INB: CNABSXWWZ7                              TRANSFER TO 4899157044304 / MANGALAM SANITARY	99922	10,943.00	 	7,75,807.21
12 Dec 2021	12 Dec 2021	   TO TRANSFER-INB NEFT UTR NO: SBIN521346077062--D S Associates	NEFT INB: CNABSXWZJ3                              TRANSFER TO 4899157044304 / D S Associates	99922	14,444.00	 	7,61,363.21
12 Dec 2021	12 Dec 2021	   TO TRANSFER-INB NEFT UTR NO: SBIN521346077589--D S Associates	NEFT INB: CNABSXWZM4                              TRANSFER TO 4899157044304 / D S Associates	99922	13,449.00	 	7,47,914.21
13 Dec 2021	13 Dec 2021	   CASH DEPOSIT-CASH DEPOSIT SELF--	 / 	40236	 	19,500.00	7,67,414.21
13 Dec 2021	13 Dec 2021	BY CLEARING / CHEQUE-IOB   600020028-947307 600002332--947307	 / 947307	10395	 	1,950.00	7,69,364.21
13 Dec 2021	13 Dec 2021	BY CLEARING / CHEQUE-KOT   600485017-000929 600002332--929	 / 929	10395	 	1,620.00	7,70,984.21
13 Dec 2021	13 Dec 2021	   BY TRANSFER-UPI/CR/134715273508/VENKATES/UBIN/venkatp909/UPI--	TRANSFER FROM 5098219162092 / 	40236	 	1.00	7,70,985.21
13 Dec 2021	13 Dec 2021	   BY TRANSFER-UPI/CR/134715317159/VENKATES/UBIN/venkatp909/UPI--	TRANSFER FROM 4693009162091 / 	40236	 	10,000.00	7,80,985.21
14 Dec 2021	14 Dec 2021	TO CLEARING-IOB   JUMMA MASJID--450443	 / 450443	10395	14,550.00	 	7,66,435.21
14 Dec 2021	14 Dec 2021	   BY TRANSFER-UPI/CR/134875603297/PUSHKIN /ICIC/9845496086/G Par--	TRANSFER FROM 5098314162094 / 	40236	 	19,720.00	7,86,155.21
14 Dec 2021	14 Dec 2021	   BULK POSTING-CR_TAMILNADU SANITARY STO             05549442  13--	 / 	16899	 	17,948.62	8,04,103.83
14 Dec 2021	14 Dec 2021	   CASH DEPOSIT-CASH DEPOSIT SELF--	 / 	40236	 	30,500.00	8,34,603.83
14 Dec 2021	14 Dec 2021	BY CLEARING / CHEQUE-CBI   600016030-142520 600002332--142520	 / 142520	10395	 	5,460.00	8,40,063.83
14 Dec 2021	14 Dec 2021	   TO TRANSFER-INB NEFT UTR NO: SBIN121348677067--Andavar Marketing PVT LTD	NEFT INB: CNABSZVIY3                              TRANSFER TO 4899157044304 / Andavar Marketing PVT LTD	99922	16,146.00	 	8,23,917.83
14 Dec 2021	14 Dec 2021	   TO TRANSFER-INB NEFT UTR NO: SBIN121348717929--NOBEL TILES WORLD	NEFT INB: CNABSZWHO7                              TRANSFER TO 4899157044304 / NOBEL TILES WORLD	99922	4,947.00	 	8,18,970.83
14 Dec 2021	14 Dec 2021	   TO TRANSFER-INB NEFT UTR NO: SBIN121348719277--NOBEL TILES WORLD	NEFT INB: CNABSZWJN7                              TRANSFER TO 4899157044304 / NOBEL TILES WORLD	99922	15,809.00	 	8,03,161.83
14 Dec 2021	14 Dec 2021	   TO TRANSFER-INB NEFT UTR NO: SBIN121348721347--K M CERAMICS	NEFT INB: CNABSZWIR0                              TRANSFER TO 4899157044304 / K M CERAMICS	99922	16,150.00	 	7,87,011.83
14 Dec 2021	14 Dec 2021	   TO TRANSFER-INB NEFT UTR NO: SBIN121348722176--SUPER TRADING CORPORATION	NEFT INB: CNABSZWLZ7                              TRANSFER TO 4899157044304 / SUPER TRADING CORPORATION	99922	25,000.00	 	7,62,011.83
15 Dec 2021	15 Dec 2021	   BULK POSTING-CR_TAMILNADU SANITARY STO             05549442  14--	 / 	16899	 	30,302.40	7,92,314.23
15 Dec 2021	15 Dec 2021	   CASH DEPOSIT-CASH DEPOSIT SELF--	 / 	40236	 	20,500.00	8,12,814.23
15 Dec 2021	15 Dec 2021	   BY TRANSFER-UPI/CR/134936436418/PUSHKIN /ICIC/9845496086/NA--	TRANSFER FROM 4693226162094 / 	40236	 	4,000.00	8,16,814.23
15 Dec 2021	15 Dec 2021	CHEQUE WDL-CHEQUE TRANSFER TO--450457	TRANSFER FROM 32818937606                         GOLDEN HARDWARE CENTRE / 450457	40236	3,100.00	 	8,13,714.23
15 Dec 2021	15 Dec 2021	   BY TRANSFER-UPI/CR/134934451109/Mr Karth/IDIB/kc4661871@/UPI--	TRANSFER FROM 4693307162093 / 	40236	 	3,920.00	8,17,634.23
16 Dec 2021	16 Dec 2021	   BY TRANSFER-INB IMPS135011597354/9944061002/XX0486/Bill Payme--	MAE000027398429          MAE000027398429          TRANSFER FROM 4897996162099 / 	99922	 	5,400.00	8,23,034.23
16 Dec 2021	16 Dec 2021	   BULK POSTING-CR_TAMILNADU SANITARY STO             05549442  15--	 / 	16899	 	7,080.68	8,30,114.91
16 Dec 2021	16 Dec 2021	   BY TRANSFER-INB IMPS135012759646/9841298092/XX1825/Quick Pay--	MAD000027427133          MAD000027427133          TRANSFER FROM 4898002162093 / 	99922	 	2,700.00	8,32,814.91
16 Dec 2021	16 Dec 2021	   BY TRANSFER-INB IMPS135012232507/9884026014/XX1813/tills--	MAC000902377674          MAC000902377674          TRANSFER FROM 4897998162097 / 	99922	 	210.00	8,33,024.91
16 Dec 2021	16 Dec 2021	   BY TRANSFER-NEFT*KKBK0000958*KKBK213503643766*SANMAR SHIPPING--	TRANSFER FROM 3199959044304 / 	4430	 	1,480.00	8,34,504.91
17 Dec 2021	17 Dec 2021	TO CLEARING-TMB   HAPPY ZONE HEALTH STORE--450466	 / 450466	10395	3,000.00	 	8,31,504.91
17 Dec 2021	17 Dec 2021	   BULK POSTING-CR_TAMILNADU SANITARY STO             05549442  16--	 / 	16899	 	2,550.00	8,34,054.91
17 Dec 2021	17 Dec 2021	   BY TRANSFER-NEFT*ICIC0SF0002*25755509221DC*KRISHNA ENTERPRISES--	TRANSFER FROM 3199969044303 / 	4430	 	7,600.00	8,41,654.91
18 Dec 2021	18 Dec 2021	   CASH DEPOSIT-CASH DEPOSIT SELF--	 / 	40236	 	51,500.00	8,93,154.91
18 Dec 2021	18 Dec 2021	   BULK POSTING-CR_TAMILNADU SANITARY STO             05549442  17--	 / 	16899	 	4,550.00	8,97,704.91
18 Dec 2021	18 Dec 2021	   CASH DEPOSIT-CASH DEPOSIT SELF--	 / 	40236	 	9,000.00	9,06,704.91
18 Dec 2021	18 Dec 2021	   BY TRANSFER-UPI/CR/135215647347/Master V/IDIB/9787507595/For t--	TRANSFER FROM 5099218162096 / 	40236	 	2,570.00	9,09,274.91
19 Dec 2021	19 Dec 2021	   TO TRANSFER-INB NEFT UTR NO: SBIN521353393756--SUPER TRADING CORPORATION	NEFT INB: CNABTECXQ6                              TRANSFER TO 4899157044304 / SUPER TRADING CORPORATION	99922	25,000.00	 	8,84,274.91
19 Dec 2021	19 Dec 2021	   TO TRANSFER-INB NEFT UTR NO: SBIN521353392542--D S Associates	NEFT INB: CNABTECYJ6                              TRANSFER TO 4899157044304 / D S Associates	99922	22,268.00	 	8,62,006.91
19 Dec 2021	19 Dec 2021	   TO TRANSFER-INB NEFT UTR NO: SBIN521353394067--SHYAMS ENTERPRISES	NEFT INB: CNABTECZU7                              TRANSFER TO 4899157044304 / SHYAMS ENTERPRISES	99922	7,325.00	 	8,54,681.91
19 Dec 2021	19 Dec 2021	   TO TRANSFER-INB NEFT UTR NO: SBIN521353394113--MANGALAM SANITARY	NEFT INB: CNABTECZY1                              TRANSFER TO 4899157044304 / MANGALAM SANITARY	99922	13,770.00	 	8,40,911.91
19 Dec 2021	19 Dec 2021	   TO TRANSFER-INB Payment towards Invoice/Bill--	CTQ4519477               TRANSFER TO 32423647359                           ARAVIND CERAMICS PRIVA / 	99922	16,255.00	 	8,24,656.91
19 Dec 2021	19 Dec 2021	   TO TRANSFER-INB NEFT UTR NO: SBIN521353397200--NOBEL TILES WORLD	NEFT INB: CNABTEDAD1                              TRANSFER TO 4899157044304 / NOBEL TILES WORLD	99922	13,000.00	 	8,11,656.91
19 Dec 2021	19 Dec 2021	   BULK POSTING-CR_TAMILNADU SANITARY STO             05549442  18--	 / 	16899	 	8,597.71	8,20,254.62
19 Dec 2021	19 Dec 2021	   BY TRANSFER-UPI/CR/135311267367/SENTHILK/SBIN/mailtodsen/Tiles--	TRANSFER FROM 4693722162090 / 	40236	 	3,750.00	8,24,004.62
20 Dec 2021	20 Dec 2021	   BULK POSTING-CR_TAMILNADU SANITARY STO             05549442  19--	 / 	16899	 	278.88	8,24,283.50
20 Dec 2021	20 Dec 2021	   CASH DEPOSIT-CASH DEPOSIT SELF--	 / 	40236	 	15,000.00	8,39,283.50
20 Dec 2021	20 Dec 2021	BY CLEARING / CHEQUE-INB   600019014-568374 600002332--568374	 / 568374	10395	 	17,260.00	8,56,543.50
20 Dec 2021	20 Dec 2021	BY CLEARING / CHEQUE-KVB   600053008-004199 600002332--4199	 / 4199	10395	 	1,850.00	8,58,393.50
20 Dec 2021	20 Dec 2021	   BY TRANSFER-NEFT*ICIC0000009*CMS2298926411*THG PUBLISHING PVT--	TRANSFER FROM 3199417044302 / 	4430	 	8,400.00	8,66,793.50
20 Dec 2021	20 Dec 2021	   BY TRANSFER-NEFT*ICIC0000009*CMS2298926412*THG PUBLISHING PVT--	TRANSFER FROM 3199956044307 / 	4430	 	3,596.00	8,70,389.50
20 Dec 2021	20 Dec 2021	   BY TRANSFER-NEFT*ICIC0000009*CMS2298926410*THG PUBLISHING PVT--	TRANSFER FROM 3199415044304 / 	4430	 	1,480.00	8,71,869.50
21 Dec 2021	21 Dec 2021	   BULK POSTING-CR_TAMILNADU SANITARY STO             05549442  20--	 / 	16899	 	15,754.07	8,87,623.57
21 Dec 2021	21 Dec 2021	   CASH DEPOSIT-CASH DEPOSIT SELF--	 / 	40236	 	35,500.00	9,23,123.57
21 Dec 2021	21 Dec 2021	BY CLEARING / CHEQUE-KVB   600053008-004205 600002332--4205	 / 4205	10395	 	1,610.00	9,24,733.57
21 Dec 2021	21 Dec 2021	   BY TRANSFER-NEFT*DBSS0IN0811*0811OP1100545894*CHEMPLAST SANMAR--	TRANSFER FROM 3199958044305 / 	4430	 	1,580.00	9,26,313.57
22 Dec 2021	22 Dec 2021	   CASH DEPOSIT-CASH DEPOSIT SELF--	 / 	40236	 	51,000.00	9,77,313.57
22 Dec 2021	22 Dec 2021	CASH HANDLING CHARGES---38976288	 / 38976288	40236	59.00	 	9,77,254.57
22 Dec 2021	22 Dec 2021	   CASH DEPOSIT-CASH DEPOSIT SELF--	 / 	40236	 	12,500.00	9,89,754.57
22 Dec 2021	22 Dec 2021	CASH HANDLING CHARGES---38976288	 / 38976288	40236	59.00	 	9,89,695.57
22 Dec 2021	22 Dec 2021	   BULK POSTING-CR_TAMILNADU SANITARY STO             05549442  21--	 / 	16899	 	19,471.25	10,09,166.82
23 Dec 2021	23 Dec 2021	TO CLEARING-CAB   SE CEDC CENTRAL TANGEDCO--450467	 / 450467	10395	5,031.00	 	10,04,135.82
23 Dec 2021	23 Dec 2021	   TO TRANSFER-INB NEFT UTR NO: SBIN521357058974--Andavar Marketing PVT LTD	NEFT INB: CNABTHUXK8                              TRANSFER TO 4899157044304 / Andavar Marketing PVT LTD	99922	48,122.00	 	9,56,013.82
23 Dec 2021	23 Dec 2021	   TO TRANSFER-INB NEFT UTR NO: SBIN521357064229--Andavar Marketing PVT LTD	NEFT INB: CNABTHUZJ7                              TRANSFER TO 4899157044304 / Andavar Marketing PVT LTD	99922	26,532.00	 	9,29,481.82
23 Dec 2021	23 Dec 2021	   TO TRANSFER-INB NEFT UTR NO: SBIN521357063992--NOBEL TILES WORLD	NEFT INB: CNABTHVAS5                              TRANSFER TO 4899157044304 / NOBEL TILES WORLD	99922	16,359.00	 	9,13,122.82
23 Dec 2021	23 Dec 2021	   TO TRANSFER-INB NEFT UTR NO: SBIN521357064461--NOBEL TILES WORLD	NEFT INB: CNABTHVAK9                              TRANSFER TO 4899157044304 / NOBEL TILES WORLD	99922	13,581.00	 	8,99,541.82
23 Dec 2021	23 Dec 2021	   TO TRANSFER-INB NEFT UTR NO: SBIN521357066549--FRIENDLY SERVICES	NEFT INB: CNABTHVBW1                              TRANSFER TO 4899157044304 / FRIENDLY SERVICES	99922	3,168.00	 	8,96,373.82
23 Dec 2021	23 Dec 2021	   BULK POSTING-CR_TAMILNADU SANITARY STO             05549442  22--	 / 	16899	 	4,297.77	9,00,671.59
23 Dec 2021	23 Dec 2021	   CASH DEPOSIT-CASH DEPOSIT SELF--	 / 	40236	 	12,000.00	9,12,671.59
23 Dec 2021	23 Dec 2021	CASH HANDLING CHARGES---38976288	 / 38976288	40236	59.00	 	9,12,612.59
23 Dec 2021	23 Dec 2021	BY CLEARING / CHEQUE-UCO   600028014-000912 600002332--912	 / 912	10395	 	1,980.00	9,14,592.59
23 Dec 2021	23 Dec 2021	   BY TRANSFER-NEFT*ICIC0000009*CMS2304327180*THG PUBLISHING PVT--	TRANSFER FROM 3199418044301 / 	4430	 	3,850.00	9,18,442.59
23 Dec 2021	23 Dec 2021	   BY TRANSFER-NEFT*ICIC0000009*CMS2304327183*THG PUBLISHING PVT--	TRANSFER FROM 3199419044300 / 	4430	 	7,400.00	9,25,842.59
23 Dec 2021	23 Dec 2021	CHEQUE DEPOSIT---236656	TRANSFER TO 54006240934                           Miss. N  VARALAKSHMI / 236656	40236	 	12,530.00	9,38,372.59
23 Dec 2021	23 Dec 2021	   TO TRANSFER-INB NEFT UTR NO: SBIN521357720766--D S Associates	NEFT INB: CNABTIJGX7                              TRANSFER TO 4899157044304 / D S Associates	99922	26,238.00	 	9,12,134.59
23 Dec 2021	23 Dec 2021	   TO TRANSFER-INB NEFT UTR NO: SBIN521357728629--D S Associates	NEFT INB: CNABTIJJI9                              TRANSFER TO 4899157044304 / D S Associates	99922	5,119.00	 	9,07,015.59
24 Dec 2021	24 Dec 2021	   TO TRANSFER-INB--	14445738252CHI3020841               TRANSFER TO 4599570162094 / 	99922	1,749.94	 	9,05,265.65
24 Dec 2021	24 Dec 2021	   TO TRANSFER-INB--	14445746709CHI3020874               TRANSFER TO 4599570162094 / 	99922	1,296.82	 	9,03,968.83
24 Dec 2021	24 Dec 2021	   CASH DEPOSIT-CASH DEPOSIT SELF--	 / 	40236	 	46,000.00	9,49,968.83
24 Dec 2021	24 Dec 2021	CASH HANDLING CHARGES---38976288	 / 38976288	40236	59.00	 	9,49,909.83
24 Dec 2021	24 Dec 2021	   TO TRANSFER-INB Payment towards Invoice/Bill--	CTQ5130477               TRANSFER TO 57002369188                           NELLAI CERAMIC CENTRE / 	99922	3,186.00	 	9,46,723.83
24 Dec 2021	24 Dec 2021	   TO TRANSFER-INB NEFT UTR NO: SBIN121358425984--Shri Krishna Enterprises	NEFT INB: CNABTIUCE2                              TRANSFER TO 4899157044304 / Shri Krishna Enterprises	99922	6,160.00	 	9,40,563.83
24 Dec 2021	24 Dec 2021	   TO TRANSFER-INB NEFT UTR NO: SBIN121358427587--Parmeeth Distributors	NEFT INB: CNABTIUCK3                              TRANSFER TO 4899157044304 / Parmeeth Distributors	99922	2,050.00	 	9,38,513.83
24 Dec 2021	24 Dec 2021	   TO TRANSFER-INB NEFT UTR NO: SBIN121358427176--ASHOK SANITARYWARE	NEFT INB: CNABTIUEA2                              TRANSFER TO 4899157044304 / ASHOK SANITARYWARE	99922	1,770.00	 	9,36,743.83
24 Dec 2021	24 Dec 2021	   TO TRANSFER-INB NEFT UTR NO: SBIN121358428245--AJANTHA BATHROOM PRODUCTS AND PIPES	NEFT INB: CNABTIUEG5                              TRANSFER TO 4899157044304 / AJANTHA BATHROOM PRODUCTS AND PIPES	99922	17,020.00	 	9,19,723.83
24 Dec 2021	24 Dec 2021	   TO TRANSFER-INB NEFT UTR NO: SBIN121358428682--Sattar Sanitary Stores	NEFT INB: CNABTIUGV3                              TRANSFER TO 4899157044304 / Sattar Sanitary Stores	99922	18,216.00	 	9,01,507.83
24 Dec 2021	24 Dec 2021	   TO TRANSFER-INB NEFT UTR NO: SBIN121358429269--SRI SENI Enterprises	NEFT INB: CNABTIUHK2                              TRANSFER TO 4899157044304 / SRI SENI Enterprises	99922	20,785.00	 	8,80,722.83
24 Dec 2021	24 Dec 2021	   TO TRANSFER-INB NEFT UTR NO: SBIN121358430776--SRI SENI Enterprises	NEFT INB: CNABTIUIK6                              TRANSFER TO 4899157044304 / SRI SENI Enterprises	99922	5,460.00	 	8,75,262.83
24 Dec 2021	24 Dec 2021	   TO TRANSFER-INB NEFT UTR NO: SBIN121358432070--SHYAMS ENTERPRISES	NEFT INB: CNABTIUJN9                              TRANSFER TO 4899157044304 / SHYAMS ENTERPRISES	99922	4,302.00	 	8,70,960.83
24 Dec 2021	24 Dec 2021	   BULK POSTING-CR_TAMILNADU SANITARY STO             05549442  23--	 / 	16899	 	11,762.20	8,82,723.03
25 Dec 2021	25 Dec 2021	   BULK POSTING-CR_TAMILNADU SANITARY STO             05549442  24--	 / 	16899	 	35,813.29	9,18,536.32
26 Dec 2021	26 Dec 2021	   TO TRANSFER-INB NEFT UTR NO: SBIN221360809199--Andavar Marketing PVT LTD	NEFT INB: CNABTKKJR9                              TRANSFER TO 4899157044304 / Andavar Marketing PVT LTD	99922	10,316.00	 	9,08,220.32
26 Dec 2021	26 Dec 2021	   BULK POSTING-CR_TAMILNADU SANITARY STO             05549442  25--	 / 	16899	 	13,911.70	9,22,132.02
27 Dec 2021	27 Dec 2021	   CASH DEPOSIT-CASH DEPOSIT SELF--	 / 	40236	 	51,000.00	9,73,132.02
27 Dec 2021	27 Dec 2021	CASH HANDLING CHARGES---38976288	 / 38976288	40236	59.00	 	9,73,073.02
27 Dec 2021	27 Dec 2021	   TO TRANSFER-INB Payment towards Invoice/Bill--	CTQ5402510               TRANSFER TO 32423647359                           ARAVIND CERAMICS PRIVA / 	99922	6,770.00	 	9,66,303.02
27 Dec 2021	27 Dec 2021	   TO TRANSFER-INB Payment towards Invoice/Bill--	CTQ5402596               TRANSFER TO 32423647359                           ARAVIND CERAMICS PRIVA / 	99922	3,250.00	 	9,63,053.02
27 Dec 2021	27 Dec 2021	   TO TRANSFER-INB NEFT UTR NO: SBIN321361399305--Andavar Marketing PVT LTD	NEFT INB: CNABTLBFB6                              TRANSFER TO 4899157044304 / Andavar Marketing PVT LTD	99922	16,200.00	 	9,46,853.02
27 Dec 2021	27 Dec 2021	   TO TRANSFER-INB NEFT UTR NO: SBIN321361401817--TRISHLA CORPORATION	NEFT INB: CNABTLBGE1                              TRANSFER TO 4899157044304 / TRISHLA CORPORATION	99922	3,106.00	 	9,43,747.02
27 Dec 2021	27 Dec 2021	   TO TRANSFER-INB NEFT UTR NO: SBIN321361405353--TRISHLA AGENCIES	NEFT INB: CNABTLBII1                              TRANSFER TO 4899157044304 / TRISHLA AGENCIES	99922	1,755.00	 	9,41,992.02
27 Dec 2021	27 Dec 2021	   TO TRANSFER-INB NEFT UTR NO: SBIN321361406797--TRISHLA AGENCIES	NEFT INB: CNABTLBJK1                              TRANSFER TO 4899157044304 / TRISHLA AGENCIES	99922	1,170.00	 	9,40,822.02
27 Dec 2021	27 Dec 2021	   TO TRANSFER-INB NEFT UTR NO: SBIN321361410798--TRISHLA CORPORATION	NEFT INB: CNABTLBKO3                              TRANSFER TO 4899157044304 / TRISHLA CORPORATION	99922	4,130.00	 	9,36,692.02
27 Dec 2021	27 Dec 2021	   TO TRANSFER-INB NEFT UTR NO: SBIN321361415136--ANCHOR DISTRIBUTION SYSTEMS	NEFT INB: CNABTLBMF4                              TRANSFER TO 4899157044304 / ANCHOR DISTRIBUTION SYSTEMS	99922	8,402.00	 	9,28,290.02
27 Dec 2021	27 Dec 2021	   TO TRANSFER-INB NEFT UTR NO: SBIN321361418292--NOBEL TILES WORLD	NEFT INB: CNABTLBNF1                              TRANSFER TO 4899157044304 / NOBEL TILES WORLD	99922	10,000.00	 	9,18,290.02
27 Dec 2021	27 Dec 2021	   TO TRANSFER-INB NEFT UTR NO: SBIN321361421020--NOBEL TILES WORLD	NEFT INB: CNABTLBOX3                              TRANSFER TO 4899157044304 / NOBEL TILES WORLD	99922	12,377.00	 	9,05,913.02
28 Dec 2021	28 Dec 2021	TO CLEARING-HDF   NATIONALCERAMICCENTRE--450469	 / 450469	10395	2,500.00	 	9,03,413.02
28 Dec 2021	28 Dec 2021	   TO TRANSFER-INB--	001134931852             CKS3895675               TRANSFER TO 36423832807                           INCOME TAX / 	99922	54,980.00	 	8,48,433.02
28 Dec 2021	28 Dec 2021	   BULK POSTING-CR_TAMILNADU SANITARY STO             05549442  27--	 / 	16899	 	19,475.04	8,67,908.06
29 Dec 2021	29 Dec 2021	TO CLEARING-KVB   HUSSAIN SANITARY STORES--450468	 / 450468	10395	13,908.00	 	8,54,000.06
29 Dec 2021	29 Dec 2021	TO CLEARING-FBL   KAHAMEDARIF--450470	 / 450470	10395	10,680.00	 	8,43,320.06
29 Dec 2021	29 Dec 2021	   CASH DEPOSIT-CASH DEPOSIT SELF--	 / 	40236	 	43,500.00	8,86,820.06
29 Dec 2021	29 Dec 2021	CASH HANDLING CHARGES---38976288	 / 38976288	40236	59.00	 	8,86,761.06
29 Dec 2021	29 Dec 2021	   BULK POSTING-CR_TAMILNADU SANITARY STO             05549442  28--	 / 	16899	 	1,086.69	8,87,847.75
29 Dec 2021	29 Dec 2021	   TO TRANSFER-INB NEFT UTR NO: SBIN521363665491--D S Associates	NEFT INB: CNABTNIAM7                              TRANSFER TO 4899157044304 / D S Associates	99922	29,474.00	 	8,58,373.75
29 Dec 2021	29 Dec 2021	   TO TRANSFER-INB NEFT UTR NO: SBIN521363668721--SRI SENI Enterprises	NEFT INB: CNABTNIBA6                              TRANSFER TO 4899157044304 / SRI SENI Enterprises	99922	17,108.00	 	8,41,265.75
29 Dec 2021	29 Dec 2021	   TO TRANSFER-INB NEFT UTR NO: SBIN521363687418--Sattar Sanitary Stores	NEFT INB: CNABTNINU6                              TRANSFER TO 4899157044304 / Sattar Sanitary Stores	99922	14,797.00	 	8,26,468.75
29 Dec 2021	29 Dec 2021	   TO TRANSFER-INB NEFT UTR NO: SBIN521363691553--MANGALAM SANITARY	NEFT INB: CNABTNIPU3                              TRANSFER TO 4899157044304 / MANGALAM SANITARY	99922	8,936.00	 	8,17,532.75
29 Dec 2021	29 Dec 2021	   TO TRANSFER-INB NEFT UTR NO: SBIN521363749456--VASSAVI TRADERS	NEFT INB: CNABTNKFJ7                              TRANSFER TO 4899157044304 / VASSAVI TRADERS	99922	4,989.00	 	8,12,543.75
29 Dec 2021	29 Dec 2021	   TO TRANSFER-INB NEFT UTR NO: SBIN521363757007--ARUNKUMAR MANOHARAN	NEFT INB: CNABTNKIC5                              TRANSFER TO 4899157044304 / ARUNKUMAR MANOHARAN	99922	5,000.00	 	8,07,543.75
29 Dec 2021	29 Dec 2021	   TO TRANSFER-INB NEFT UTR NO: SBIN521363760044--JACINTHA MARY	NEFT INB: CNABTNKKY3                              TRANSFER TO 4899157044304 / JACINTHA MARY	99922	2,500.00	 	8,05,043.75
29 Dec 2021	29 Dec 2021	   TO TRANSFER-INB NEFT UTR NO: SBIN521363761982--SHYAMS ENTERPRISES	NEFT INB: CNABTNKMD5                              TRANSFER TO 4899157044304 / SHYAMS ENTERPRISES	99922	3,559.00	 	8,01,484.75
29 Dec 2021	29 Dec 2021	   TO TRANSFER-INB NEFT UTR NO: SBIN521363771606--FRIENDLY SERVICES	NEFT INB: CNABTNKPU6                              TRANSFER TO 4899157044304 / FRIENDLY SERVICES	99922	1,827.00	 	7,99,657.75
29 Dec 2021	29 Dec 2021	   TO TRANSFER-INB NEFT UTR NO: SBIN521363775518--NOBEL TILES WORLD	NEFT INB: CNABTNKRW5                              TRANSFER TO 4899157044304 / NOBEL TILES WORLD	99922	2,250.00	 	7,97,407.75
29 Dec 2021	29 Dec 2021	   TO TRANSFER-INB NEFT UTR NO: SBIN521363776941--TRISHLA CORPORATION	NEFT INB: CNABTNKTY4                              TRANSFER TO 4899157044304 / TRISHLA CORPORATION	99922	4,872.00	 	7,92,535.75
29 Dec 2021	29 Dec 2021	   TO TRANSFER-INB NEFT UTR NO: SBIN521363778904--K M CERAMICS	NEFT INB: CNABTNKUJ5                              TRANSFER TO 4899157044304 / K M CERAMICS	99922	15,200.00	 	7,77,335.75
29 Dec 2021	29 Dec 2021	   TO TRANSFER-INB NEFT UTR NO: SBIN521363781136--Andavar Marketing PVT LTD	NEFT INB: CNABTNKVE4                              TRANSFER TO 4899157044304 / Andavar Marketing PVT LTD	99922	16,931.00	 	7,60,404.75
29 Dec 2021	29 Dec 2021	   TO TRANSFER-INB NEFT UTR NO: SBIN521363781441--Andavar Marketing PVT LTD	NEFT INB: CNABTNKWQ9                              TRANSFER TO 4899157044304 / Andavar Marketing PVT LTD	99922	1,520.00	 	7,58,884.75
29 Dec 2021	29 Dec 2021	   TO TRANSFER-INB NEFT UTR NO: SBIN521363783863--Andavar Marketing PVT LTD	NEFT INB: CNABTNKYD4                              TRANSFER TO 4899157044304 / Andavar Marketing PVT LTD	99922	11,411.00	 	7,47,473.75
30 Dec 2021	30 Dec 2021	   BULK POSTING-CR_TAMILNADU SANITARY STO             05549442  29--	 / 	16899	 	2,216.40	7,49,690.15
30 Dec 2021	30 Dec 2021	   CASH DEPOSIT-CASH DEPOSIT SELF--	 / 	40236	 	26,000.00	7,75,690.15
30 Dec 2021	30 Dec 2021	CASH HANDLING CHARGES---38976288	 / 38976288	40236	59.00	 	7,75,631.15
30 Dec 2021	30 Dec 2021	BY CLEARING / CHEQUE-CBI   600016015-128100 600002332--128100	 / 128100	10395	 	17,100.00	7,92,731.15
31 Dec 2021	31 Dec 2021	   BULK POSTING-CR_TAMILNADU SANITARY STO             05549442  30--	 / 	16899	 	37,448.45	8,30,179.60
31 Dec 2021	31 Dec 2021	   BY TRANSFER-NEFT*ICIC0000009*CMS2318974964*THG PUBLISHING PVT--	TRANSFER FROM 3199955044308 / 	4430	 	3,180.00	8,33,359.60

**This is a computer generated statement and does not require a signature