Account Name       :                	TAMILNADU SANITARY STORES
Address            :	NO 143,  KUTCHERY ROAD,  MYLAPORE  Chennai
                                    	CHENNAI
                                    	TAMILNADU-600004
                                    	India
Date               :                	2 Nov 2021
Account Number     :	_00000030976446269
Account Description:	CA-REGULAR-PUB-OTH-ALL-INR
Branch             :	SANTHOME
Drawing Power      :	0.00
Interest Rate(% p.a.):	0.0
MOD Balance      :	0.00
CIF No.          :	_85676868920
IFS Code         :	SBIN0040236
MICR Code        :	_600002332
Balance on 1 Oct 2021        :	8,37,036.94
Start Date          :	1 Oct 2021
End Date            :	31 Oct 2021
Txn Date	Value Date	Description	Ref No./Cheque No.	Branch Code	        Debit	Credit	Balance	
1 Oct 2021	1 Oct 2021	   TO TRANSFER-INB Payment towards Invoice/Bill--	CTP4368637               TRANSFER TO 32423647359                           ARAVIND CERAMICS PRIVA / 	99922	10,830.00	 	8,26,206.94
1 Oct 2021	1 Oct 2021	   TO TRANSFER-INB NEFT UTR NO: SBIN121274589511--TRISHLA AGENCIES	NEFT INB: CNABQFZHD0                              TRANSFER TO 3197944044306 / TRISHLA AGENCIES	99922	1,672.00	 	8,24,534.94
1 Oct 2021	1 Oct 2021	   TO TRANSFER-INB NEFT UTR NO: SBIN121274589923--TRISHLA CORPORATION	NEFT INB: CNABQFZJC0                              TRANSFER TO 3197944044306 / TRISHLA CORPORATION	99922	3,147.00	 	8,21,387.94
1 Oct 2021	1 Oct 2021	   TO TRANSFER-INB NEFT UTR NO: SBIN121274592349--Nizam Sanitary Stores	NEFT INB: CNABQFZLF4                              TRANSFER TO 3197944044306 / Nizam Sanitary Stores	99922	4,248.00	 	8,17,139.94
1 Oct 2021	1 Oct 2021	   TO TRANSFER-INB NEFT UTR NO: SBIN121274598133--GUPTA SALES CORPORATION	NEFT INB: CNABQFZOB9                              TRANSFER TO 3197944044306 / GUPTA SALES CORPORATION	99922	5,386.00	 	8,11,753.94
1 Oct 2021	1 Oct 2021	   TO TRANSFER-INB NEFT UTR NO: SBIN121274599389--Andavar Marketing PVT LTD	NEFT INB: CNABQFZQE4                              TRANSFER TO 3197944044306 / Andavar Marketing PVT LTD	99922	13,186.00	 	7,98,567.94
1 Oct 2021	1 Oct 2021	   BULK POSTING-CR_TAMILNADU SANITARY STO             05549442  30--	 / 	16899	 	3,007.72	8,01,575.66
1 Oct 2021	1 Oct 2021	   BY TRANSFER-UPI/CR/127451450511/GAYATHRI/CNRB/jithendras/UPI--	TRANSFER FROM 4897720162094 / 	40236	 	4,970.00	8,06,545.66
1 Oct 2021	1 Oct 2021	   CASH DEPOSIT-CASH DEPOSIT SELF--	 / 	40236	 	9,500.00	8,16,045.66
1 Oct 2021	1 Oct 2021	   BY TRANSFER-INB IMPS127412199358/7904974149/XX0155/tiles paym--	MAB000875558519          MAB000875558519          TRANSFER FROM 4597952162097 / 	99922	 	3,100.00	8,19,145.66
1 Oct 2021	1 Oct 2021	   CASH DEPOSIT-CASH DEPOSIT SELF--	 / 	40236	 	5,000.00	8,24,145.66
2 Oct 2021	2 Oct 2021	   TO TRANSFER-INB NEFT UTR NO: SBIN321275066676--Sri Kesava Traders	NEFT INB: CNABQHCPN1                              TRANSFER TO 3197944044306 / Sri Kesava Traders	99922	3,000.00	 	8,21,145.66
2 Oct 2021	2 Oct 2021	   TO TRANSFER-INB NEFT UTR NO: SBIN321275065451--Shiv Shakti Agencies	NEFT INB: CNABQHCQJ2                              TRANSFER TO 3197944044306 / Shiv Shakti Agencies	99922	3,498.00	 	8,17,647.66
2 Oct 2021	2 Oct 2021	   TO TRANSFER-INB NEFT UTR NO: SBIN321275067523--MANGALAM SANITARY	NEFT INB: CNABQHCRL1                              TRANSFER TO 3197944044306 / MANGALAM SANITARY	99922	8,657.00	 	8,08,990.66
2 Oct 2021	2 Oct 2021	   TO TRANSFER-INB NEFT UTR NO: SBIN321275068511--Sattar Sanitary Stores	NEFT INB: CNABQHCTA2                              TRANSFER TO 3197944044306 / Sattar Sanitary Stores	99922	13,693.00	 	7,95,297.66
2 Oct 2021	2 Oct 2021	   TO TRANSFER-INB NEFT UTR NO: SBIN321275067495--SRI SENI Enterprises	NEFT INB: CNABQHCRU3                              TRANSFER TO 3197944044306 / SRI SENI Enterprises	99922	7,162.00	 	7,88,135.66
2 Oct 2021	2 Oct 2021	   TO TRANSFER-INB NEFT UTR NO: SBIN321275069583--D S Associates	NEFT INB: CNABQHCUP8                              TRANSFER TO 3197944044306 / D S Associates	99922	21,778.00	 	7,66,357.66
2 Oct 2021	2 Oct 2021	   TO TRANSFER-INB NEFT UTR NO: SBIN321275071582--VALLI STEEL INDUSTRIES PVT LTD	NEFT INB: CNABQHCUF9                              TRANSFER TO 3197944044306 / VALLI STEEL INDUSTRIES PVT LTD	99922	6,769.00	 	7,59,588.66
2 Oct 2021	2 Oct 2021	   TO TRANSFER-INB NEFT UTR NO: SBIN321275071779--BHARATH Enterprises	NEFT INB: CNABQHCWS5                              TRANSFER TO 3197944044306 / BHARATH Enterprises	99922	4,390.00	 	7,55,198.66
2 Oct 2021	2 Oct 2021	   BULK POSTING-CR_TAMILNADU SANITARY STO             05549442  01--	 / 	16899	 	597.60	7,55,796.26
3 Oct 2021	3 Oct 2021	   TO TRANSFER-INB NEFT UTR NO: SBIN321276414072--Andavar Marketing PVT LTD	NEFT INB: CNABQHSBX6                              TRANSFER TO 3197944044306 / Andavar Marketing PVT LTD	99922	17,426.00	 	7,38,370.26
3 Oct 2021	3 Oct 2021	   TO TRANSFER-INB NEFT UTR NO: SBIN321276413325--K M CERAMICS	NEFT INB: CNABQHSDA9                              TRANSFER TO 3197944044306 / K M CERAMICS	99922	15,000.00	 	7,23,370.26
3 Oct 2021	3 Oct 2021	   TO TRANSFER-INB NEFT UTR NO: SBIN321276414140--AJANTHA BATHROOM PRODUCTS AND PIPES	NEFT INB: CNABQHSDR8                              TRANSFER TO 3197944044306 / AJANTHA BATHROOM PRODUCTS AND PIPES	99922	20,086.00	 	7,03,284.26
3 Oct 2021	3 Oct 2021	   TO TRANSFER-INB Payment towards Invoice/Bill--	CTP4759371               TRANSFER TO 57002369188                           NELLAI CERAMIC CENTRE / 	99922	6,641.00	 	6,96,643.26
3 Oct 2021	3 Oct 2021	   TO TRANSFER-INB NEFT UTR NO: SBIN321276414852--NOBEL TILES WORLD	NEFT INB: CNABQHSDH8                              TRANSFER TO 3197944044306 / NOBEL TILES WORLD	99922	18,800.00	 	6,77,843.26
3 Oct 2021	3 Oct 2021	   TO TRANSFER-INB NEFT UTR NO: SBIN321276414929--ANCHOR DISTRIBUTION SYSTEMS	NEFT INB: CNABQHSDK2                              TRANSFER TO 3197944044306 / ANCHOR DISTRIBUTION SYSTEMS	99922	864.00	 	6,76,979.26
3 Oct 2021	3 Oct 2021	   TO TRANSFER-INB NEFT UTR NO: SBIN321276415706--G Shanmugam Traders	NEFT INB: CNABQHSDM4                              TRANSFER TO 3197944044306 / G Shanmugam Traders	99922	6,720.00	 	6,70,259.26
3 Oct 2021	3 Oct 2021	   TO TRANSFER-INB NEFT UTR NO: SBIN321276416076--FRIENDLY SERVICES	NEFT INB: CNABQHSFC8                              TRANSFER TO 3197944044306 / FRIENDLY SERVICES	99922	6,272.00	 	6,63,987.26
3 Oct 2021	3 Oct 2021	   BULK POSTING-CR_TAMILNADU SANITARY STO             05549442  02--	 / 	16899	 	4,729.82	6,68,717.08
4 Oct 2021	4 Oct 2021	   CASH DEPOSIT-CASH DEPOSIT SELF--	 / 	40236	 	46,000.00	7,14,717.08
4 Oct 2021	4 Oct 2021	   BULK POSTING-CR_TAMILNADU SANITARY STO             05549442  03--	 / 	16899	 	1,703.46	7,16,420.54
4 Oct 2021	4 Oct 2021	CHEQUE WDL-CHEQUE TRANSFER TO--450446	TRANSFER FROM 32818937606                         GOLDEN HARDWARE CENTRE / 450446	40236	8,323.00	 	7,08,097.54
4 Oct 2021	4 Oct 2021	   TO TRANSFER-INB NEFT UTR NO: SBIN421277077015--MANGALAM SANITARY	NEFT INB: CNABQIOUL3                              TRANSFER TO 3197944044306 / MANGALAM SANITARY	99922	4,428.00	 	7,03,669.54
4 Oct 2021	4 Oct 2021	   TO TRANSFER-INB NEFT UTR NO: SBIN421277080543--Paandurangaa Binding and Printing	NEFT INB: CNABQIOXJ6                              TRANSFER TO 3197944044306 / Paandurangaa Binding and Printing	99922	2,000.00	 	7,01,669.54
4 Oct 2021	4 Oct 2021	   TO TRANSFER-INB NEFT UTR NO: SBIN421277082611--Andavar Marketing PVT LTD	NEFT INB: CNABQIOYW1                              TRANSFER TO 3197944044306 / Andavar Marketing PVT LTD	99922	400.00	 	7,01,269.54
4 Oct 2021	4 Oct 2021	   TO TRANSFER-INB NEFT UTR NO: SBIN421277081828--Andavar Marketing PVT LTD	NEFT INB: CNABQIOZF0                              TRANSFER TO 3197944044306 / Andavar Marketing PVT LTD	99922	10,591.00	 	6,90,678.54
4 Oct 2021	4 Oct 2021	   BY TRANSFER-UPI/CR/127720359051/PRAKASH  Y/SBIN/e1mylapore/UPI--	TRANSFER FROM 4693051162090 / 	40236	 	3,600.00	6,94,278.54
5 Oct 2021	5 Oct 2021	   BULK POSTING-CR_TAMILNADU SANITARY STO             05549442  04--	 / 	16899	 	9,314.72	7,03,593.26
5 Oct 2021	5 Oct 2021	   CASH DEPOSIT-CASH DEPOSIT SELF--	 / 	40236	 	8,000.00	7,11,593.26
5 Oct 2021	5 Oct 2021	   BY TRANSFER-UPI/CR/127805455051/SIDDHART/BARB/siddharta@/Madhi--	TRANSFER FROM 4693162162095 / 	40236	 	4,450.00	7,16,043.26
5 Oct 2021	5 Oct 2021	   BY TRANSFER-INB IMPS127816113137/9940353535/XX8429/MB: MURUGE--	MAC000854856138          MAC000854856138          TRANSFER FROM 4897971162098 / 	99922	 	13,250.00	7,29,293.26
6 Oct 2021	6 Oct 2021	TO CLEARING-PNB   ABDUL RAZAC KHAN--450450	 / 450450	10395	4,326.00	 	7,24,967.26
6 Oct 2021	6 Oct 2021	   BULK POSTING-CR_TAMILNADU SANITARY STO             05549442  05--	 / 	16899	 	2,355.23	7,27,322.49
6 Oct 2021	6 Oct 2021	   CASH DEPOSIT-CASH DEPOSIT SELF--	 / 	40236	 	22,000.00	7,49,322.49
6 Oct 2021	6 Oct 2021	   TO TRANSFER-INB NEFT UTR NO: SBIN121279772105--Andavar Marketing PVT LTD	NEFT INB: CNABQLFFB0                              TRANSFER TO 3197944044306 / Andavar Marketing PVT LTD	99922	14,641.00	 	7,34,681.49
6 Oct 2021	6 Oct 2021	   TO TRANSFER-INB Salary Payment--	CTP5193068               TRANSFER TO 32950808735                           Mr. KASI  R / 	99922	17,000.00	 	7,17,681.49
6 Oct 2021	6 Oct 2021	   TO TRANSFER-INB Salary Payment--	CTP5207663               TRANSFER TO 31054735034                           Mr. NOUSHAD  ABDUL SAL / 	99922	14,500.00	 	7,03,181.49
7 Oct 2021	7 Oct 2021	TO CLEARING-HDF   NATIONALCERAMICCENTRE--450442	 / 450442	10395	1,350.00	 	7,01,831.49
7 Oct 2021	7 Oct 2021	   TO TRANSFER-INB NEFT UTR NO: SBIN221280687742--Andavar Marketing PVT LTD	NEFT INB: CNABQMBIB1                              TRANSFER TO 3197944044306 / Andavar Marketing PVT LTD	99922	33,232.00	 	6,68,599.49
7 Oct 2021	7 Oct 2021	   TO TRANSFER-INB NEFT UTR NO: SBIN221280689063--SRI SENI Enterprises	NEFT INB: CNABQMBIV1                              TRANSFER TO 3197944044306 / SRI SENI Enterprises	99922	4,941.00	 	6,63,658.49
7 Oct 2021	7 Oct 2021	   TO TRANSFER-INB NEFT UTR NO: SBIN221280688197--D S Associates	NEFT INB: CNABQMBHR8                              TRANSFER TO 3197944044306 / D S Associates	99922	1,175.00	 	6,62,483.49
7 Oct 2021	7 Oct 2021	   TO TRANSFER-INB NEFT UTR NO: SBIN221280689913--D S Associates	NEFT INB: CNABQMBJL6                              TRANSFER TO 3197944044306 / D S Associates	99922	15,867.00	 	6,46,616.49
7 Oct 2021	7 Oct 2021	   TO TRANSFER-INB NEFT UTR NO: SBIN221280690165--MANGALAM SANITARY	NEFT INB: CNABQMBJI1                              TRANSFER TO 3197944044306 / MANGALAM SANITARY	99922	1,416.00	 	6,45,200.49
7 Oct 2021	7 Oct 2021	   TO TRANSFER-INB NEFT UTR NO: SBIN221280690325--SHYAMS ENTERPRISES	NEFT INB: CNABQMBLD6                              TRANSFER TO 3197944044306 / SHYAMS ENTERPRISES	99922	3,245.00	 	6,41,955.49
7 Oct 2021	7 Oct 2021	   TO TRANSFER-INB NEFT UTR NO: SBIN221280692122--Sri Kesava Traders	NEFT INB: CNABQMBKW1                              TRANSFER TO 3197944044306 / Sri Kesava Traders	99922	2,200.00	 	6,39,755.49
7 Oct 2021	7 Oct 2021	   BY TRANSFER-UPI/CR/128065091161/GAYATHRI/CNRB/jithendras/UPI--	TRANSFER FROM 5099031162096 / 	40236	 	15,180.00	6,54,935.49
7 Oct 2021	7 Oct 2021	   BULK POSTING-CR_TAMILNADU SANITARY STO             05549442  06--	 / 	16899	 	1,566.40	6,56,501.89
7 Oct 2021	7 Oct 2021	   CASH DEPOSIT-CASH DEPOSIT SELF--	 / 	40236	 	19,500.00	6,76,001.89
7 Oct 2021	7 Oct 2021	   CASH DEPOSIT-CASH DEPOSIT SELF--	 / 	40236	 	25,000.00	7,01,001.89
7 Oct 2021	7 Oct 2021	BY CLEARING / CHEQUE-KOT   600485017-000860 600002332--860	 / 860	10395	 	2,605.00	7,03,606.89
7 Oct 2021	7 Oct 2021	   TO TRANSFER-INB ICICI_CC Payments--	WSBI0323927070CHH6323637               TRANSFER TO 3199600162097 / 	99922	3,030.55	 	7,00,576.34
8 Oct 2021	8 Oct 2021	TO CLEARING-CIT   BHARTI AIRTEL LCLLN AC--450451	 / 450451	10395	4,130.00	 	6,96,446.34
8 Oct 2021	8 Oct 2021	   TO TRANSFER-INB Payment towards Invoice/Bill--	CTP5475996               TRANSFER TO 32423647359                           ARAVIND CERAMICS PRIVA / 	99922	4,320.00	 	6,92,126.34
8 Oct 2021	8 Oct 2021	   TO TRANSFER-INB NEFT UTR NO: SBIN521281037327--TRISHLA CORPORATION	NEFT INB: CNABQNOHD8                              TRANSFER TO 3197944044306 / TRISHLA CORPORATION	99922	2,922.00	 	6,89,204.34
8 Oct 2021	8 Oct 2021	   TO TRANSFER-INB NEFT UTR NO: SBIN521281039024--Sri Ganapathy Enterprises	NEFT INB: CNABQNOIG1                              TRANSFER TO 3197944044306 / Sri Ganapathy Enterprises	99922	2,600.00	 	6,86,604.34
8 Oct 2021	8 Oct 2021	   TO TRANSFER-INB NEFT UTR NO: SBIN521281039297--Andavar Marketing PVT LTD	NEFT INB: CNABQNOKD5                              TRANSFER TO 3197944044306 / Andavar Marketing PVT LTD	99922	12,065.00	 	6,74,539.34
8 Oct 2021	8 Oct 2021	   BULK POSTING-CR_TAMILNADU SANITARY STO             05549442  07--	 / 	16899	 	4,804.44	6,79,343.78
8 Oct 2021	8 Oct 2021	   BY TRANSFER-NEFT*KVBL0002101*N281210113159597*SMKENTERPRISES*M--	TRANSFER FROM 3199416044303 / 	4430	 	10,600.00	6,89,943.78
9 Oct 2021	9 Oct 2021	   TO TRANSFER-INB NEFT UTR NO: SBIN121282807289--Andavar Marketing PVT LTD	NEFT INB: CNABQOZWW8                              TRANSFER TO 3197944044306 / Andavar Marketing PVT LTD	99922	8,575.00	 	6,81,368.78
9 Oct 2021	9 Oct 2021	   TO TRANSFER-INB NEFT UTR NO: SBIN121282805965--Andavar Marketing PVT LTD	NEFT INB: CNABQOZXH7                              TRANSFER TO 3197944044306 / Andavar Marketing PVT LTD	99922	13,021.00	 	6,68,347.78
9 Oct 2021	9 Oct 2021	   TO TRANSFER-INB NEFT UTR NO: SBIN121282810138--PRECI TECH PLASTICS	NEFT INB: CNABQPAAU1                              TRANSFER TO 3197944044306 / PRECI TECH PLASTICS	99922	3,854.00	 	6,64,493.78
9 Oct 2021	9 Oct 2021	   TO TRANSFER-INB NEFT UTR NO: SBIN121282810750--GERMA Sanitarywares PVT LTD	NEFT INB: CNABQPABR7                              TRANSFER TO 3197944044306 / GERMA Sanitarywares PVT LTD	99922	3,738.00	 	6,60,755.78
9 Oct 2021	9 Oct 2021	   TO TRANSFER-INB NEFT UTR NO: SBIN121282811601--Shri Krishna Enterprises	NEFT INB: CNABQPADJ5                              TRANSFER TO 3197944044306 / Shri Krishna Enterprises	99922	5,000.00	 	6,55,755.78
9 Oct 2021	9 Oct 2021	   TO TRANSFER-INB Payment towards Invoice/Bill--	CTP5656973               TRANSFER TO 57002369188                           NELLAI CERAMIC CENTRE / 	99922	5,388.00	 	6,50,367.78
9 Oct 2021	9 Oct 2021	   BULK POSTING-CR_TAMILNADU SANITARY STO             05549442  08--	 / 	16899	 	896.40	6,51,264.18
9 Oct 2021	9 Oct 2021	   BY TRANSFER-UPI/CR/128289873111/E RAJESH/HDFC/rajesh4720/mater--	TRANSFER FROM 5099219162095 / 	20252	 	3,900.00	6,55,164.18
10 Oct 2021	10 Oct 2021	   BULK POSTING-CR_TAMILNADU SANITARY STO             05549442  09--	 / 	16899	 	1,942.20	6,57,106.38
11 Oct 2021	11 Oct 2021	   BULK POSTING-CR_TAMILNADU SANITARY STO             05549442  10--	 / 	16899	 	4,689.66	6,61,796.04
11 Oct 2021	11 Oct 2021	   CASH DEPOSIT-CASH DEPOSIT SELF--	 / 	40236	 	39,500.00	7,01,296.04
11 Oct 2021	11 Oct 2021	   BY TRANSFER-UPI/CR/128470931532/S SRIDHA/IOBA/sri.india@/sridh--	TRANSFER FROM 5098210162090 / 	40236	 	4,500.00	7,05,796.04
11 Oct 2021	11 Oct 2021	   CASH DEPOSIT-CASH DEPOSIT SELF--	 / 	40236	 	21,000.00	7,26,796.04
11 Oct 2021	11 Oct 2021	   BY TRANSFER-INB IMPS128412741626/9840864662/XX1810/Tiles prch--	MAA000898838797          MAA000898838797          TRANSFER FROM 4897949162095 / 	99922	 	2,400.00	7,29,196.04
12 Oct 2021	12 Oct 2021	   CASH DEPOSIT-CASH DEPOSIT SELF--	 / 	40236	 	30,000.00	7,59,196.04
12 Oct 2021	12 Oct 2021	   BULK POSTING-CR_TAMILNADU SANITARY STO             05549442  11--	 / 	16899	 	5,477.05	7,64,673.09
12 Oct 2021	12 Oct 2021	BY CLEARING / CHEQUE-HDF   600240002-235033 600002332--235033	 / 235033	10395	 	480.00	7,65,153.09
12 Oct 2021	12 Oct 2021	   TO TRANSFER-INB NEFT UTR NO: SBIN521285586133--Andavar Marketing PVT LTD	NEFT INB: CNABQSXDN6                              TRANSFER TO 3197944044306 / Andavar Marketing PVT LTD	99922	14,561.00	 	7,50,592.09
12 Oct 2021	12 Oct 2021	   TO TRANSFER-INB NEFT UTR NO: SBIN521285607847--Andavar Marketing PVT LTD	NEFT INB: CNABQSXRA4                              TRANSFER TO 3197944044306 / Andavar Marketing PVT LTD	99922	25,851.00	 	7,24,741.09
12 Oct 2021	12 Oct 2021	   TO TRANSFER-INB Payment towards Invoice/Bill--	CTP6157342               TRANSFER TO 32423647359                           ARAVIND CERAMICS PRIVA / 	99922	21,660.00	 	7,03,081.09
12 Oct 2021	12 Oct 2021	   TO TRANSFER-INB NEFT UTR NO: SBIN521285615173--NOBEL TILES WORLD	NEFT INB: CNABQSXUK6                              TRANSFER TO 3197944044306 / NOBEL TILES WORLD	99922	20,000.00	 	6,83,081.09
12 Oct 2021	12 Oct 2021	   TO TRANSFER-INB NEFT UTR NO: SBIN521285620430--K M CERAMICS	NEFT INB: CNABQSXVY2                              TRANSFER TO 3197944044306 / K M CERAMICS	99922	9,990.00	 	6,73,091.09
12 Oct 2021	12 Oct 2021	   TO TRANSFER-INB NEFT UTR NO: SBIN521285622384--K M CERAMICS	NEFT INB: CNABQSXXQ6                              TRANSFER TO 3197944044306 / K M CERAMICS	99922	3,960.00	 	6,69,131.09
12 Oct 2021	12 Oct 2021	   TO TRANSFER-INB NEFT UTR NO: SBIN521285625118--K M CERAMICS	NEFT INB: CNABQSXZY3                              TRANSFER TO 3197944044306 / K M CERAMICS	99922	16,900.00	 	6,52,231.09
12 Oct 2021	12 Oct 2021	   TO TRANSFER-INB NEFT UTR NO: SBIN521285628534--SRI SENI Enterprises	NEFT INB: CNABQSYCC6                              TRANSFER TO 3197944044306 / SRI SENI Enterprises	99922	11,111.00	 	6,41,120.09
12 Oct 2021	12 Oct 2021	   TO TRANSFER-INB NEFT UTR NO: SBIN521285628745--SRI SENI Enterprises	NEFT INB: CNABQSYEB4                              TRANSFER TO 3197944044306 / SRI SENI Enterprises	99922	7,972.00	 	6,33,148.09
12 Oct 2021	12 Oct 2021	   BY TRANSFER-UPI/CR/128563629969/Mr R Pra/CIUB/7299100999/Payme--	TRANSFER FROM 4693196162095 / 	1	 	5,000.00	6,38,148.09
13 Oct 2021	13 Oct 2021	   CASH DEPOSIT-CASH DEPOSIT SELF--	 / 	40236	 	57,000.00	6,95,148.09
13 Oct 2021	13 Oct 2021	   TO TRANSFER-INB NEFT UTR NO: SBIN121286007354--D S Associates	NEFT INB: CNABQTJVL9                              TRANSFER TO 3197944044306 / D S Associates	99922	20,000.00	 	6,75,148.09
13 Oct 2021	13 Oct 2021	   TO TRANSFER-INB NEFT UTR NO: SBIN121286010046--MANGALAM SANITARY	NEFT INB: CNABQTJXN9                              TRANSFER TO 3197944044306 / MANGALAM SANITARY	99922	10,981.00	 	6,64,167.09
13 Oct 2021	13 Oct 2021	   TO TRANSFER-INB NEFT UTR NO: SBIN121286010292--SHYAMS ENTERPRISES	NEFT INB: CNABQTJYX9                              TRANSFER TO 3197944044306 / SHYAMS ENTERPRISES	99922	3,245.00	 	6,60,922.09
13 Oct 2021	13 Oct 2021	   TO TRANSFER-INB NEFT UTR NO: SBIN121286009921--Lakshmi Hayagrivaa Maarketing	NEFT INB: CNABQTKBB9                              TRANSFER TO 3197944044306 / Lakshmi Hayagrivaa Maarketing	99922	5,467.00	 	6,55,455.09
13 Oct 2021	13 Oct 2021	   TO TRANSFER-INB NEFT UTR NO: SBIN121286028456--Andavar Marketing PVT LTD	NEFT INB: CNABQTLAO1                              TRANSFER TO 3197944044306 / Andavar Marketing PVT LTD	99922	8,210.00	 	6,47,245.09
13 Oct 2021	13 Oct 2021	   TO TRANSFER-INB NEFT UTR NO: SBIN121286034282--Andavar Marketing PVT LTD	NEFT INB: CNABQTLAZ1                              TRANSFER TO 3197944044306 / Andavar Marketing PVT LTD	99922	510.00	 	6,46,735.09
13 Oct 2021	13 Oct 2021	   TO TRANSFER-INB Payment towards Invoice/Bill--	CTP6227585               TRANSFER TO 57002369188                           NELLAI CERAMIC CENTRE / 	99922	991.00	 	6,45,744.09
13 Oct 2021	13 Oct 2021	   BULK POSTING-CR_TAMILNADU SANITARY STO             05549442  12--	 / 	16899	 	230.00	6,45,974.09
13 Oct 2021	13 Oct 2021	   CASH DEPOSIT-CASH DEPOSIT SELF--	 / 	40236	 	8,000.00	6,53,974.09
14 Oct 2021	14 Oct 2021	   BULK POSTING-CR_TAMILNADU SANITARY STO             05549442  13--	 / 	16899	 	5,217.43	6,59,191.52
14 Oct 2021	14 Oct 2021	   BY TRANSFER-UPI/CR/128732172343/Mr R Pra/CIUB/7299100999/Payme--	TRANSFER FROM 4693415162090 / 	1	 	940.00	6,60,131.52
16 Oct 2021	16 Oct 2021	   CASH DEPOSIT-CASH DEPOSIT SELF--	 / 	40236	 	44,000.00	7,04,131.52
17 Oct 2021	17 Oct 2021	   BY TRANSFER-UPI/CR/129081652648/MD TOHIDUL/KARB/7550147541/Pay--	TRANSFER FROM 5099296162093 / 	1	 	1,000.00	7,05,131.52
18 Oct 2021	18 Oct 2021	TO CLEARING-HDF   NATIONALCERAMICCENTRE--450452	 / 450452	10395	7,980.00	 	6,97,151.52
18 Oct 2021	18 Oct 2021	   CASH DEPOSIT-CASH DEPOSIT SELF--	 / 	40236	 	23,000.00	7,20,151.52
18 Oct 2021	18 Oct 2021	   BULK POSTING-IMPS/TCC_103/129019780619 / 17100021- Cr--	 / 	16209	 	43,445.00	7,63,596.52
18 Oct 2021	18 Oct 2021	   BY TRANSFER-UPI/CR/129148104480/ANANTH P/HDFC/9840077226/Tamil--	TRANSFER FROM 5098211162090 / 	1	 	3,900.00	7,67,496.52
18 Oct 2021	18 Oct 2021	   CASH DEPOSIT-CASH DEPOSIT SELF--	 / 	40236	 	10,000.00	7,77,496.52
19 Oct 2021	19 Oct 2021	   TO TRANSFER-INB NEFT UTR NO: SBIN521292075565--Andavar Marketing PVT LTD	NEFT INB: CNABQYNEW5                              TRANSFER TO 3197944044306 / Andavar Marketing PVT LTD	99922	3,925.00	 	7,73,571.52
19 Oct 2021	19 Oct 2021	   TO TRANSFER-INB NEFT UTR NO: SBIN521292077092--Andavar Marketing PVT LTD	NEFT INB: CNABQYNGY2                              TRANSFER TO 3197944044306 / Andavar Marketing PVT LTD	99922	10,671.00	 	7,62,900.52
20 Oct 2021	20 Oct 2021	   BULK POSTING-CR_TAMILNADU SANITARY STO             05549442  19--	 / 	16899	 	18,837.80	7,81,738.32
20 Oct 2021	20 Oct 2021	   CASH DEPOSIT-CASH DEPOSIT SELF--	 / 	40236	 	74,500.00	8,56,238.32
20 Oct 2021	20 Oct 2021	   BY TRANSFER-INB IMPS129318072253/0000000000/XX0003/--	MAA000908372754          MAA000908372754          TRANSFER FROM 4597940162090 / 	99922	 	1.00	8,56,239.32
21 Oct 2021	21 Oct 2021	TO CLEARING-FBL   NATIONALTILES--450453	 / 450453	10395	3,800.00	 	8,52,439.32
21 Oct 2021	21 Oct 2021	   BULK POSTING-CR_TAMILNADU SANITARY STO             05549442  20--	 / 	16899	 	15,117.73	8,67,557.05
21 Oct 2021	21 Oct 2021	   TO TRANSFER-INB--	21103300407886CKR7382864               TRANSFER TO 36959638866                           POOLING ACCOUNT GST-MM / 	99922	14,172.00	 	8,53,385.05
21 Oct 2021	21 Oct 2021	   TO TRANSFER-INB NEFT UTR NO: SBIN121294182911--Andavar Marketing PVT LTD	NEFT INB: CNABRABJC3                              TRANSFER TO 3197944044306 / Andavar Marketing PVT LTD	99922	11,865.00	 	8,41,520.05
21 Oct 2021	21 Oct 2021	   TO TRANSFER-INB NEFT UTR NO: SBIN121294184712--Andavar Marketing PVT LTD	NEFT INB: CNABRABKP0                              TRANSFER TO 3197944044306 / Andavar Marketing PVT LTD	99922	10,781.00	 	8,30,739.05
21 Oct 2021	21 Oct 2021	   TO TRANSFER-INB Payment towards Invoice/Bill--	CTP7056358               TRANSFER TO 32423647359                           ARAVIND CERAMICS PRIVA / 	99922	5,610.00	 	8,25,129.05
21 Oct 2021	21 Oct 2021	   TO TRANSFER-INB NEFT UTR NO: SBIN121294186487--TRISHLA CORPORATION	NEFT INB: CNABRABPK6                              TRANSFER TO 3197944044306 / TRISHLA CORPORATION	99922	3,572.00	 	8,21,557.05
21 Oct 2021	21 Oct 2021	   TO TRANSFER-INB NEFT UTR NO: SBIN121294187746--TRISHLA AGENCIES	NEFT INB: CNABRABPC7                              TRANSFER TO 3197944044306 / TRISHLA AGENCIES	99922	1,853.00	 	8,19,704.05
21 Oct 2021	21 Oct 2021	   CASH DEPOSIT-CASH DEPOSIT SELF--	 / 	40236	 	5,000.00	8,24,704.05
21 Oct 2021	21 Oct 2021	BY CLEARING / CHEQUE-KOT   600485017-000890 600002332--890	 / 890	10395	 	2,440.00	8,27,144.05
21 Oct 2021	21 Oct 2021	   TO TRANSFER-INB NEFT UTR NO: SBIN121294412015--ARUNKUMAR MANOHARAN	NEFT INB: CNABRAILN1                              TRANSFER TO 3197944044306 / ARUNKUMAR MANOHARAN	99922	3,000.00	 	8,24,144.05
21 Oct 2021	21 Oct 2021	   TO TRANSFER-INB NEFT UTR NO: SBIN121294499909--WATERTEC INDIA PVT LTD	NEFT INB: CNABRAKLR7                              TRANSFER TO 3197944044306 / WATERTEC INDIA PVT LTD	99922	14,726.00	 	8,09,418.05
21 Oct 2021	21 Oct 2021	   CASH DEPOSIT-CASH DEPOSIT SELF--	 / 	40236	 	21,000.00	8,30,418.05
21 Oct 2021	21 Oct 2021	   TO TRANSFER-INB NEFT UTR NO: SBIN121294704285--Andavar Marketing PVT LTD	NEFT INB: CNABRAODW7                              TRANSFER TO 3197944044306 / Andavar Marketing PVT LTD	99922	21,616.00	 	8,08,802.05
22 Oct 2021	22 Oct 2021	   BULK POSTING-CR_TAMILNADU SANITARY STO             05549442  21--	 / 	16899	 	31,868.86	8,40,670.91
22 Oct 2021	22 Oct 2021	   BY TRANSFER-NEFT*DBSS0IN0811*0811OP1006272996*CHEMPLAST SANMAR--	TRANSFER FROM 3199968044304 / 	4430	 	1,580.00	8,42,250.91
22 Oct 2021	22 Oct 2021	BY CLEARING / CHEQUE-SIB   600059005-032507 600002332--32507	 / 32507	10395	 	850.00	8,43,100.91
22 Oct 2021	22 Oct 2021	   CASH DEPOSIT-CASH DEPOSIT SELF--	 / 	40236	 	15,000.00	8,58,100.91
23 Oct 2021	23 Oct 2021	   TO TRANSFER-INB NEFT UTR NO: SBIN321296133705--D S Associates	NEFT INB: CNABRCBDX7                              TRANSFER TO 3197944044306 / D S Associates	99922	15,146.00	 	8,42,954.91
23 Oct 2021	23 Oct 2021	   TO TRANSFER-INB NEFT UTR NO: SBIN321296135528--SUPER TRADING CORPORATION	NEFT INB: CNABRCBFS6                              TRANSFER TO 3197944044306 / SUPER TRADING CORPORATION	99922	10,934.00	 	8,32,020.91
23 Oct 2021	23 Oct 2021	   TO TRANSFER-INB NEFT UTR NO: SBIN321296136636--Andavar Marketing PVT LTD	NEFT INB: CNABRCBGA0                              TRANSFER TO 3197944044306 / Andavar Marketing PVT LTD	99922	21,776.00	 	8,10,244.91
23 Oct 2021	23 Oct 2021	   BULK POSTING-CR_TAMILNADU SANITARY STO             05549442  22--	 / 	16899	 	2,627.87	8,12,872.78
23 Oct 2021	23 Oct 2021	   TO TRANSFER-INB NEFT UTR NO: SBIN321296184466--V KARTHICK	NEFT INB: CNABRCFFN5                              TRANSFER TO 3197944044306 / V KARTHICK	99922	2,011.00	 	8,10,861.78
23 Oct 2021	23 Oct 2021	   TO TRANSFER-INB NEFT UTR NO: SBIN321296186055--Andavar Marketing PVT LTD	NEFT INB: CNABRCFEQ6                              TRANSFER TO 3197944044306 / Andavar Marketing PVT LTD	99922	6,080.00	 	8,04,781.78
23 Oct 2021	23 Oct 2021	   BY TRANSFER-NEFTRRSBIN321296184466(23-10-21)Account does not e--	TRANSFER FROM 3199304402368 / 	4430	 	2,011.00	8,06,792.78
24 Oct 2021	24 Oct 2021	   BULK POSTING-CR_TAMILNADU SANITARY STO             05549442  23--	 / 	16899	 	1,344.60	8,08,137.38
25 Oct 2021	25 Oct 2021	   CASH DEPOSIT-CASH DEPOSIT SELF--	 / 	40236	 	22,000.00	8,30,137.38
25 Oct 2021	25 Oct 2021	CASH HANDLING CHARGES---38976288	 / 38976288	40236	59.00	 	8,30,078.38
25 Oct 2021	25 Oct 2021	   TO TRANSFER-INB--	20211025220370439207CHH7741850               TRANSFER TO 4694610162099 / 	99922	1,858.50	 	8,28,219.88
25 Oct 2021	25 Oct 2021	   TO TRANSFER-INB--	110316597126CHH7742038               TRANSFER TO 4599221162094 / 	99922	1,296.82	 	8,26,923.06
25 Oct 2021	25 Oct 2021	   BY TRANSFER-UPI/CR/129866494370/S SRIDHA/IOBA/sri.india@/sridh--	TRANSFER FROM 4693073162095 / 	40236	 	350.00	8,27,273.06
25 Oct 2021	25 Oct 2021	   CASH DEPOSIT-CASH DEPOSIT SELF--	 / 	40236	 	25,000.00	8,52,273.06
25 Oct 2021	25 Oct 2021	CASH HANDLING CHARGES---38976288	 / 38976288	40236	59.00	 	8,52,214.06
25 Oct 2021	25 Oct 2021	   BY TRANSFER-INB IMPS129813274378/9886396630/XX2849/--	MAA000911779659          MAA000911779659          TRANSFER FROM 4897957162095 / 	99922	 	7,190.00	8,59,404.06
25 Oct 2021	25 Oct 2021	   TO TRANSFER-INB NEFT UTR NO: SBIN421298029393--NOBEL TILES WORLD	NEFT INB: CNABRDMMN0                              TRANSFER TO 3197944044306 / NOBEL TILES WORLD	99922	4,900.00	 	8,54,504.06
25 Oct 2021	25 Oct 2021	   TO TRANSFER-INB NEFT UTR NO: SBIN421298032232--Shri Krishna Enterprises	NEFT INB: CNABRDMOZ3                              TRANSFER TO 3197944044306 / Shri Krishna Enterprises	99922	3,024.00	 	8,51,480.06
25 Oct 2021	25 Oct 2021	   TO TRANSFER-INB NEFT UTR NO: SBIN421298035957--AAA PEE Appliances	NEFT INB: CNABRDMUV2                              TRANSFER TO 3197944044306 / AAA PEE Appliances	99922	8,090.00	 	8,43,390.06
25 Oct 2021	25 Oct 2021	   TO TRANSFER-INB NEFT UTR NO: SBIN421298042206--SHRI Venkateswar Agency	NEFT INB: CNABRDMXS7                              TRANSFER TO 3197944044306 / SHRI Venkateswar Agency	99922	12,089.00	 	8,31,301.06
25 Oct 2021	25 Oct 2021	   TO TRANSFER-INB NEFT UTR NO: SBIN421298043401--GUPTA SALES CORPORATION	NEFT INB: CNABRDNAY0                              TRANSFER TO 3197944044306 / GUPTA SALES CORPORATION	99922	4,453.00	 	8,26,848.06
25 Oct 2021	25 Oct 2021	   TO TRANSFER-INB NEFT UTR NO: SBIN421298046746--PROVIDENT MARKETING	NEFT INB: CNABRDNCV2                              TRANSFER TO 3197944044306 / PROVIDENT MARKETING	99922	3,673.00	 	8,23,175.06
25 Oct 2021	25 Oct 2021	   TO TRANSFER-INB NEFT UTR NO: SBIN421298048414--AJANTHA BATHROOM PRODUCTS AND PIPES	NEFT INB: CNABRDNFG1                              TRANSFER TO 3197944044306 / AJANTHA BATHROOM PRODUCTS AND PIPES	99922	12,418.00	 	8,10,757.06
25 Oct 2021	25 Oct 2021	   TO TRANSFER-INB NEFT UTR NO: SBIN421298053233--K M CERAMICS	NEFT INB: CNABRDNID2                              TRANSFER TO 3197944044306 / K M CERAMICS	99922	15,000.00	 	7,95,757.06
25 Oct 2021	25 Oct 2021	   TO TRANSFER-INB NEFT UTR NO: SBIN421298054286--Sattar Sanitary Stores	NEFT INB: CNABRDNKL2                              TRANSFER TO 3197944044306 / Sattar Sanitary Stores	99922	15,689.00	 	7,80,068.06
25 Oct 2021	25 Oct 2021	   TO TRANSFER-INB NEFT UTR NO: SBIN421298059216--SRI SENI Enterprises	NEFT INB: CNABRDNOE0                              TRANSFER TO 3197944044306 / SRI SENI Enterprises	99922	9,510.00	 	7,70,558.06
25 Oct 2021	25 Oct 2021	CHEQUE WDL-CHEQUE TRANSFER TO--450449	TRANSFER FROM 32818937606                         GOLDEN HARDWARE CENTRE / 450449	40236	6,796.00	 	7,63,762.06
26 Oct 2021	26 Oct 2021	   BULK POSTING-CR_TAMILNADU SANITARY STO             05549442  25--	 / 	16899	 	21,591.37	7,85,353.43
26 Oct 2021	26 Oct 2021	   CASH DEPOSIT-CASH DEPOSIT SELF--	 / 	40236	 	12,000.00	7,97,353.43
26 Oct 2021	26 Oct 2021	CASH HANDLING CHARGES---38976288	 / 38976288	40236	59.00	 	7,97,294.43
26 Oct 2021	26 Oct 2021	BY CLEARING / CHEQUE-CBI   600016015-123316 600002332--123316	 / 123316	10395	 	3,400.00	8,00,694.43
26 Oct 2021	26 Oct 2021	BY CLEARING / CHEQUE-INB   600019035-516767 600002332--516767	 / 516767	10395	 	1,900.00	8,02,594.43
27 Oct 2021	27 Oct 2021	TO CLEARING-CAB   SE CEDC CENTRAL TANGEDCO--450454	 / 450454	10395	5,525.00	 	7,97,069.43
27 Oct 2021	27 Oct 2021	   BULK POSTING-CR_TAMILNADU SANITARY STO             05549442  26--	 / 	16899	 	5,916.49	8,02,985.92
27 Oct 2021	27 Oct 2021	   CASH DEPOSIT-CASH DEPOSIT SELF--	 / 	40236	 	19,000.00	8,21,985.92
27 Oct 2021	27 Oct 2021	CASH HANDLING CHARGES---38976288	 / 38976288	40236	59.00	 	8,21,926.92
27 Oct 2021	27 Oct 2021	BY CLEARING / CHEQUE-CBI   600016015-124978 600002332--124978	 / 124978	10395	 	19,150.00	8,41,076.92
27 Oct 2021	27 Oct 2021	   BY TRANSFER-NEFT*IOBA0001354*IOBAN21300121736*K GANESAN  T L--	TRANSFER FROM 3199962044300 / 	4430	 	25,000.00	8,66,076.92
28 Oct 2021	28 Oct 2021	   TO TRANSFER-INB NEFT UTR NO: SBIN121301723660--PIRANHA ENTERPRISES	NEFT INB: CNABRGKSZ2                              TRANSFER TO 3197944044306 / PIRANHA ENTERPRISES	99922	3,988.00	 	8,62,088.92
28 Oct 2021	28 Oct 2021	   TO TRANSFER-INB NEFT UTR NO: SBIN121301723356--Andavar Marketing PVT LTD	NEFT INB: CNABRGKVO1                              TRANSFER TO 3197944044306 / Andavar Marketing PVT LTD	99922	17,408.00	 	8,44,680.92
28 Oct 2021	28 Oct 2021	   TO TRANSFER-INB NEFT UTR NO: SBIN121301724250--Andavar Marketing PVT LTD	NEFT INB: CNABRGKVI6                              TRANSFER TO 3197944044306 / Andavar Marketing PVT LTD	99922	15,196.00	 	8,29,484.92
28 Oct 2021	28 Oct 2021	   TO TRANSFER-INB NEFT UTR NO: SBIN121301726299--Andavar Marketing PVT LTD	NEFT INB: CNABRGKXL9                              TRANSFER TO 3197944044306 / Andavar Marketing PVT LTD	99922	2,870.00	 	8,26,614.92
28 Oct 2021	28 Oct 2021	   TO TRANSFER-INB Payment towards Invoice/Bill--	CTP7833465               TRANSFER TO 32423647359                           ARAVIND CERAMICS PRIVA / 	99922	16,240.00	 	8,10,374.92
28 Oct 2021	28 Oct 2021	   TO TRANSFER-INB NEFT UTR NO: SBIN121301726892--FRIENDLY SERVICES	NEFT INB: CNABRGKZQ6                              TRANSFER TO 3197944044306 / FRIENDLY SERVICES	99922	2,408.00	 	8,07,966.92
28 Oct 2021	28 Oct 2021	   BULK POSTING-CR_TAMILNADU SANITARY STO             05549442  27--	 / 	16899	 	3,759.64	8,11,726.56
28 Oct 2021	28 Oct 2021	BY CLEARING / CHEQUE-KCU   600054056-000890 600002332--890	 / 890	10395	 	77,000.00	8,88,726.56
28 Oct 2021	28 Oct 2021	BY CLEARING / CHEQUE-KCU   600054127-000101 600002332--101	 / 101	10395	 	31,800.00	9,20,526.56
28 Oct 2021	28 Oct 2021	BY CLEARING / CHEQUE-KCU   600054056-000891 600002332--891	 / 891	10395	 	77,331.00	9,97,857.56
28 Oct 2021	28 Oct 2021	   TO TRANSFER-INB NEFT UTR NO: SBIN221301057686--TRISHLA CORPORATION	NEFT INB: CNABRGXVN9                              TRANSFER TO 3197944044306 / TRISHLA CORPORATION	99922	2,025.00	 	9,95,832.56
28 Oct 2021	28 Oct 2021	   TO TRANSFER-INB Payment towards Invoice/Bill--	CTP7899846               TRANSFER TO 57002369188                           NELLAI CERAMIC CENTRE / 	99922	5,558.00	 	9,90,274.56
28 Oct 2021	28 Oct 2021	   OUT-CHQ RETURN-01Funds Insufficient to operate A/C not receivednr--	 / 	10395	77,331.00	 	9,12,943.56
28 Oct 2021	28 Oct 2021	cheque returned charges---891	 / 891	10395	295.00	 	9,12,648.56
29 Oct 2021	29 Oct 2021	   BULK POSTING-CR_TAMILNADU SANITARY STO             05549442  28--	 / 	16899	 	2,798.76	9,15,447.32
29 Oct 2021	29 Oct 2021	   CASH DEPOSIT-CASH DEPOSIT SELF--	 / 	40236	 	21,000.00	9,36,447.32
29 Oct 2021	29 Oct 2021	CASH HANDLING CHARGES---38976288	 / 38976288	40236	59.00	 	9,36,388.32
30 Oct 2021	30 Oct 2021	   TO TRANSFER-INB NEFT UTR NO: SBIN521303610468--D S Associates	NEFT INB: CNABRJAWB2                              TRANSFER TO 4899157044304 / D S Associates	99922	21,139.00	 	9,15,249.32
30 Oct 2021	30 Oct 2021	   TO TRANSFER-INB NEFT UTR NO: SBIN521303612587--D S Associates	NEFT INB: CNABRJAWI8                              TRANSFER TO 4899157044304 / D S Associates	99922	20,164.00	 	8,95,085.32
30 Oct 2021	30 Oct 2021	   TO TRANSFER-INB NEFT UTR NO: SBIN521303612218--MANGALAM SANITARY	NEFT INB: CNABRJAWR6                              TRANSFER TO 4899157044304 / MANGALAM SANITARY	99922	15,146.00	 	8,79,939.32
30 Oct 2021	30 Oct 2021	   TO TRANSFER-INB NEFT UTR NO: SBIN521303612386--Designer Sanitary World	NEFT INB: CNABRJAYQ2                              TRANSFER TO 4899157044304 / Designer Sanitary World	99922	3,349.00	 	8,76,590.32
30 Oct 2021	30 Oct 2021	   TO TRANSFER-INB NEFT UTR NO: SBIN521303614082--NOBEL TILES WORLD	NEFT INB: CNABRJBAS6                              TRANSFER TO 4899157044304 / NOBEL TILES WORLD	99922	10,800.00	 	8,65,790.32
30 Oct 2021	30 Oct 2021	   TO TRANSFER-INB Payment towards Invoice/Bill--	CTP8158771               TRANSFER TO 57002369188                           NELLAI CERAMIC CENTRE / 	99922	5,629.00	 	8,60,161.32
30 Oct 2021	30 Oct 2021	   CASH DEPOSIT-CASH DEPOSIT SELF--	 / 	40236	 	38,000.00	8,98,161.32
30 Oct 2021	30 Oct 2021	CASH HANDLING CHARGES---38976288	 / 38976288	40236	59.00	 	8,98,102.32
30 Oct 2021	30 Oct 2021	   BY TRANSFER-UPI/CR/130379212807/SUMANTH /HDFC/sharmasuma/UPI--	TRANSFER FROM 5099194162099 / 	40236	 	25,845.00	9,23,947.32
30 Oct 2021	30 Oct 2021	   BY TRANSFER-UPI/CR/130339520288/SATHEESK/ICIC/sathees.ra/UPI--	TRANSFER FROM 4693635162099 / 	40226	 	7,200.00	9,31,147.32
30 Oct 2021	30 Oct 2021	   BY TRANSFER-UPI/CR/130316685926/RAJKUMAR/YESB/rajnreva-2/toile--	TRANSFER FROM 5099234162096 / 	40236	 	14,200.00	9,45,347.32
30 Oct 2021	30 Oct 2021	   BY TRANSFER-UPI/CR/130316755102/RAJKUMAR/YESB/rajnreva-2/UPI--	TRANSFER FROM 4693604162095 / 	40236	 	700.00	9,46,047.32
30 Oct 2021	30 Oct 2021	   TO TRANSFER-INB NEFT UTR NO: SBIN121303524153--SRI SENI Enterprises	NEFT INB: CNABRJXSD1                              TRANSFER TO 4899157044304 / SRI SENI Enterprises	99922	4,832.00	 	9,41,215.32
30 Oct 2021	30 Oct 2021	   TO TRANSFER-INB NEFT UTR NO: SBIN121303527211--SRI SENI Enterprises	NEFT INB: CNABRJXTN7                              TRANSFER TO 4899157044304 / SRI SENI Enterprises	99922	8,590.00	 	9,32,625.32
30 Oct 2021	30 Oct 2021	   TO TRANSFER-INB NEFT UTR NO: SBIN121303530459--Sattar Sanitary Stores	NEFT INB: CNABRJXVL7                              TRANSFER TO 4899157044304 / Sattar Sanitary Stores	99922	11,825.00	 	9,20,800.32
30 Oct 2021	30 Oct 2021	   TO TRANSFER-INB NEFT UTR NO: SBIN121303534358--K M CERAMICS	NEFT INB: CNABRJXXC0                              TRANSFER TO 4899157044304 / K M CERAMICS	99922	15,000.00	 	9,05,800.32
30 Oct 2021	30 Oct 2021	   TO TRANSFER-INB NEFT UTR NO: SBIN121303538745--AJANTHA BATHROOM PRODUCTS AND PIPES	NEFT INB: CNABRJXZD7                              TRANSFER TO 4899157044304 / AJANTHA BATHROOM PRODUCTS AND PIPES	99922	11,611.00	 	8,94,189.32
30 Oct 2021	30 Oct 2021	   TO TRANSFER-INB NEFT UTR NO: SBIN121303543452--PROVIDENT MARKETING	NEFT INB: CNABRJYBE9                              TRANSFER TO 4899157044304 / PROVIDENT MARKETING	99922	6,006.00	 	8,88,183.32
30 Oct 2021	30 Oct 2021	   TO TRANSFER-INB NEFT UTR NO: SBIN121303548209--SHYAMS ENTERPRISES	NEFT INB: CNABRJYBV0                              TRANSFER TO 4899157044304 / SHYAMS ENTERPRISES	99922	4,101.00	 	8,84,082.32
30 Oct 2021	30 Oct 2021	   TO TRANSFER-INB NEFT UTR NO: SBIN121303550707--Shri Krishna Enterprises	NEFT INB: CNABRJYDH3                              TRANSFER TO 4899157044304 / Shri Krishna Enterprises	99922	3,880.00	 	8,80,202.32
30 Oct 2021	30 Oct 2021	   TO TRANSFER-INB NEFT UTR NO: SBIN121303555389--NOBEL TILES WORLD	NEFT INB: CNABRJYGB7                              TRANSFER TO 4899157044304 / NOBEL TILES WORLD	99922	5,635.00	 	8,74,567.32
30 Oct 2021	30 Oct 2021	   TO TRANSFER-INB NEFT UTR NO: SBIN121303568128--AIM TECH VIKING	NEFT INB: CNABRJYJN7                              TRANSFER TO 4899157044304 / AIM TECH VIKING	99922	10,000.00	 	8,64,567.32
30 Oct 2021	30 Oct 2021	   TO TRANSFER-INB NEFT UTR NO: SBIN121303569363--ARUNKUMAR MANOHARAN	NEFT INB: CNABRJYLK1                              TRANSFER TO 4899157044304 / ARUNKUMAR MANOHARAN	99922	5,000.00	 	8,59,567.32
31 Oct 2021	31 Oct 2021	   BY TRANSFER-NEFT*UTIB0000014*AXIC213049304964*G SQUARE REALTOR--	TRANSFER FROM 3199682044307 / 	4430	 	4,543.00	8,64,110.32

**This is a computer generated statement and does not require a signature