Account Name       :                	TAMILNADU SANITARY STORES
Address            :	NO 143,  KUTCHERY ROAD,  MYLAPORE  Chennai
                                    	CHENNAI
                                    	TAMILNADU-600004
                                    	India
Date               :                	6 Jan 2023
Account Number     :	_00000030976446269
Account Description:	CA-REGULAR-PUB-OTH-ALL-INR
Branch             :	SANTHOME
Drawing Power      :	0.00
Interest Rate(% p.a.):	0.0
MOD Balance      :	0.00
CIF No.          :	_85676868920
IFS Code         :	SBIN0040236
MICR Code        :	_600002332
Balance on 1 Dec 2022        :	5,37,049.55
Start Date          :	1 Dec 2022
End Date            :	31 Dec 2022
Txn Date	Value Date	Description	Ref No./Cheque No.	Branch Code	        Debit	Credit	Balance	
1 Dec 2022	1 Dec 2022	   BULK POSTING-CR_TAMILNADU SANITARY STO     05548442        3011--	 / 	16899	 	31,242.82	5,68,292.37
2 Dec 2022	2 Dec 2022	   CASH DEPOSIT-CASH DEPOSIT SELF--	 / 	40236	 	68,000.00	6,36,292.37
2 Dec 2022	2 Dec 2022	BY CLEARING / CHEQUE-CBI   600016003-151168 600002332--151168	 / 151168	10395	 	1,752.00	6,38,044.37
3 Dec 2022	3 Dec 2022	   TO TRANSFER-INB NEFT UTR NO: SBIN222337717669--Andavar Marketing PVT LTD	NEFT INB: CNACFRJJC3                              TRANSFER TO 4899157044304 / Andavar Marketing PVT LTD	99922	16,260.00	 	6,21,784.37
3 Dec 2022	3 Dec 2022	   TO TRANSFER-INB NEFT UTR NO: SBIN222337718785--Sattar Sanitary Stores	NEFT INB: CNACFRJKY3                              TRANSFER TO 4899157044304 / Sattar Sanitary Stores	99922	11,032.00	 	6,10,752.37
3 Dec 2022	3 Dec 2022	   TO TRANSFER-INB NEFT UTR NO: SBIN222337719058--AJANTHA BATHROOM PRODUCTS AND PIPES	NEFT INB: CNACFRJLE3                              TRANSFER TO 4899157044304 / AJANTHA BATHROOM PRODUCTS AND PIPES	99922	15,000.00	 	5,95,752.37
3 Dec 2022	3 Dec 2022	   TO TRANSFER-INB NEFT UTR NO: SBIN222337719241--GUPTA SALES CORPORATION	NEFT INB: CNACFRJLY0                              TRANSFER TO 4899157044304 / GUPTA SALES CORPORATION	99922	7,824.00	 	5,87,928.37
3 Dec 2022	3 Dec 2022	   TO TRANSFER-INB NEFT UTR NO: SBIN222337719392--FRIENDLY SERVICES	NEFT INB: CNACFRJNA8                              TRANSFER TO 4899157044304 / FRIENDLY SERVICES	99922	1,211.00	 	5,86,717.37
3 Dec 2022	3 Dec 2022	   TO TRANSFER-INB NEFT UTR NO: SBIN222337722039--NOBEL TILES WORLD	NEFT INB: CNACFRJNU0                              TRANSFER TO 4899157044304 / NOBEL TILES WORLD	99922	20,625.00	 	5,66,092.37
3 Dec 2022	3 Dec 2022	   TO TRANSFER-INB NEFT UTR NO: SBIN222337722104--NOBEL TILES WORLD	NEFT INB: CNACFRJPL9                              TRANSFER TO 4899157044304 / NOBEL TILES WORLD	99922	7,840.00	 	5,58,252.37
3 Dec 2022	3 Dec 2022	   TO TRANSFER-INB NEFT UTR NO: SBIN222337723504--NOBEL TILES WORLD	NEFT INB: CNACFRJON3                              TRANSFER TO 4899157044304 / NOBEL TILES WORLD	99922	15,000.00	 	5,43,252.37
3 Dec 2022	3 Dec 2022	   BULK POSTING-CR_TAMILNADU SANITARY STO     05549442        0212--	 / 	16899	 	1,664.30	5,44,916.67
3 Dec 2022	3 Dec 2022	   TO TRANSFER-INB Payment towards Invoice/Bill--	CTU9051472               TRANSFER TO 32423647359                           ARAVIND CERAMICS PRIVA / 	99922	4,410.00	 	5,40,506.67
3 Dec 2022	3 Dec 2022	   TO TRANSFER-INB NEFT UTR NO: SBIN222337722347--Paradise India Bath Trends	NEFT INB: CNACFRJQY6                              TRANSFER TO 4899157044304 / Paradise India Bath Trends	99922	10,000.00	 	5,30,506.67
3 Dec 2022	3 Dec 2022	   TO TRANSFER-INB NEFT UTR NO: SBIN222337725145--SRI SENI Enterprises	NEFT INB: CNACFRJRI1                              TRANSFER TO 4899157044304 / SRI SENI Enterprises	99922	8,700.00	 	5,21,806.67
3 Dec 2022	3 Dec 2022	   TO TRANSFER-INB NEFT UTR NO: SBIN222337725647--Sattar Sanitary Stores	NEFT INB: CNACFRJRN8                              TRANSFER TO 4899157044304 / Sattar Sanitary Stores	99922	8,500.00	 	5,13,306.67
3 Dec 2022	3 Dec 2022	   TO TRANSFER-INB NEFT UTR NO: SBIN222337725812--D S Associates	NEFT INB: CNACFRJTG8                              TRANSFER TO 4899157044304 / D S Associates	99922	7,587.00	 	5,05,719.67
3 Dec 2022	3 Dec 2022	   TO TRANSFER-INB NEFT UTR NO: SBIN222337727928--ARUNKUMAR MANOHARAN	NEFT INB: CNACFRJWW6                              TRANSFER TO 4899157044304 / ARUNKUMAR MANOHARAN	99922	5,000.00	 	5,00,719.67
3 Dec 2022	3 Dec 2022	   TO TRANSFER-INB NEFT UTR NO: SBIN222337728929--VASSAVI TRADERS	NEFT INB: CNACFRJYP8                              TRANSFER TO 4899157044304 / VASSAVI TRADERS	99922	8,220.00	 	4,92,499.67
4 Dec 2022	4 Dec 2022	   BY TRANSFER-UPI/CR/233848042051/ARUN K/KVBL/arunanbu22/UPI--	TRANSFER FROM 4693731162099 / 	40236	 	7,000.00	4,99,499.67
4 Dec 2022	4 Dec 2022	   BY TRANSFER-UPI/CR/233810744743/ARUN K/KVBL/arunanbu22/UPI--	TRANSFER FROM 5099261162094 / 	40236	 	1,900.00	5,01,399.67
5 Dec 2022	5 Dec 2022	   BULK POSTING-CR_TAMILNADU SANITARY STO     05549442        0412--	 / 	16899	 	3,980.09	5,05,379.76
5 Dec 2022	5 Dec 2022	   BULK POSTING-CR_TAMILNADU SANITARY STO     05548442        0312--	 / 	16899	 	6,096.83	5,11,476.59
5 Dec 2022	5 Dec 2022	   BULK POSTING-CR_TAMILNADU SANITARY STO     05549442        0312--	 / 	16899	 	7,592.44	5,19,069.03
5 Dec 2022	5 Dec 2022	   BY TRANSFER-NEFT*TMBL0000235*TMBLH22339398906*MANICKARAJ.T*--	TRANSFER FROM 3199423044304 / 	4430	 	25,600.00	5,44,669.03
5 Dec 2022	5 Dec 2022	   BY TRANSFER-NEFT*SCBL0036001*IN1ON2212050ATBJ*TRACTORS AND FAR--	TRANSFER FROM 3199410044308 / 	4430	 	12,438.00	5,57,107.03
6 Dec 2022	6 Dec 2022	   BULK POSTING-CR_TAMILNADU SANITARY STO     05549442        0512--	 / 	16899	 	15,285.92	5,72,392.95
7 Dec 2022	7 Dec 2022	   TO TRANSFER-INB Salary Payment--	CTU9568288               TRANSFER TO 32950808735                           Mr. KASI  R / 	99922	17,000.00	 	5,55,392.95
7 Dec 2022	7 Dec 2022	   TO TRANSFER-INB Salary Payment--	CTU9568569               TRANSFER TO 31054735034                           Mr. NOUSHAD  ABDUL SAL / 	99922	15,000.00	 	5,40,392.95
7 Dec 2022	7 Dec 2022	   TO TRANSFER-INB NEFT UTR NO: SBIN122341334557--NOBEL TILES WORLD	NEFT INB: CNACFVGGA9                              TRANSFER TO 4899157044304 / NOBEL TILES WORLD	99922	15,000.00	 	5,25,392.95
7 Dec 2022	7 Dec 2022	   TO TRANSFER-INB Payment towards Invoice/Bill--	CTU9568664               TRANSFER TO 32423647359                           ARAVIND CERAMICS PRIVA / 	99922	12,600.00	 	5,12,792.95
7 Dec 2022	7 Dec 2022	   TO TRANSFER-INB NEFT UTR NO: SBIN122341336656--Andavar Marketing PVT LTD	NEFT INB: CNACFVGJK1                              TRANSFER TO 4899157044304 / Andavar Marketing PVT LTD	99922	6,230.00	 	5,06,562.95
7 Dec 2022	7 Dec 2022	   TO TRANSFER-INB Payment towards Invoice/Bill--	CTU9569646               TRANSFER TO 32818937606                           GOLDEN HARDWARE CENTRE / 	99922	5,766.00	 	5,00,796.95
7 Dec 2022	7 Dec 2022	   CASH DEPOSIT-CASH DEPOSIT SELF--	 / 	40236	 	83,500.00	5,84,296.95
7 Dec 2022	7 Dec 2022	   BY TRANSFER-NEFT*ICIC0000009*CMS2991582267*THG PUBLISHING PVT--	TRANSFER FROM 3199417044302 / 	4430	 	3,840.00	5,88,136.95
8 Dec 2022	8 Dec 2022	   BULK POSTING-CR_TAMILNADU SANITARY STO     05548442        0712--	 / 	16899	 	400.00	5,88,536.95
8 Dec 2022	8 Dec 2022	   BULK POSTING-CR_TAMILNADU SANITARY STO     05549442        0712--	 / 	16899	 	1,732.83	5,90,269.78
8 Dec 2022	8 Dec 2022	   BY TRANSFER-UPI/CR/234209493909/R RAMACH/ICIC/monoindiad/UPI--	TRANSFER FROM 4695181162097 / 	40236	 	1,590.00	5,91,859.78
9 Dec 2022	9 Dec 2022	   BULK POSTING-CR_TAMILNADU SANITARY STO     05549442        0812--	 / 	16899	 	2,700.00	5,94,559.78
9 Dec 2022	9 Dec 2022	   BY TRANSFER-NEFT*HDFC0000240*N343222241242396*THG PUBLISHING P--	TRANSFER FROM 3199422044305 / 	4430	 	10,200.00	6,04,759.78
9 Dec 2022	9 Dec 2022	BY CLEARING / CHEQUE-BOB   600012009-000526 600002332--526	 / 526	10395	 	4,800.00	6,09,559.78
9 Dec 2022	9 Dec 2022	   OUT-CHQ RETURN-01Funds Insufficiented /stalerds and figure differ--	 / 	10395	4,800.00	 	6,04,759.78
9 Dec 2022	9 Dec 2022	cheque returned charges---526	 / 526	10395	177.00	 	6,04,582.78
10 Dec 2022	10 Dec 2022	   TO TRANSFER-INB NEFT UTR NO: SBIN522344089476--Super Trading Corporation	NEFT INB: CNACFYWLJ3                              TRANSFER TO 4899157044304 / Super Trading Corporation	99922	8,411.00	 	5,96,171.78
10 Dec 2022	10 Dec 2022	   TO TRANSFER-INB NEFT UTR NO: SBIN522344090385--SRI SENI Enterprises	NEFT INB: CNACFYWNZ0                              TRANSFER TO 4899157044304 / SRI SENI Enterprises	99922	8,782.00	 	5,87,389.78
10 Dec 2022	10 Dec 2022	   TO TRANSFER-INB NEFT UTR NO: SBIN522344090460--MANGALAM SANITARY	NEFT INB: CNACFYWNN4                              TRANSFER TO 4899157044304 / MANGALAM SANITARY	99922	10,432.00	 	5,76,957.78
10 Dec 2022	10 Dec 2022	   TO TRANSFER-INB NEFT UTR NO: SBIN522344090956--NOBEL TILES WORLD	NEFT INB: CNACFYWON8                              TRANSFER TO 4899157044304 / NOBEL TILES WORLD	99922	25,000.00	 	5,51,957.78
10 Dec 2022	10 Dec 2022	   TO TRANSFER-INB NEFT UTR NO: SBIN522344116134--National Ceramic Centre	NEFT INB: CNACFYYIX1                              TRANSFER TO 4899157044304 / National Ceramic Centre	99922	6,680.00	 	5,45,277.78
10 Dec 2022	10 Dec 2022	   BULK POSTING-CR_TAMILNADU SANITARY STO     05548442        0912--	 / 	16899	 	597.60	5,45,875.38
10 Dec 2022	10 Dec 2022	   BY TRANSFER-UPI/CR/234415342821/MUTHUKUM/KVBL/mmw.muthuk/UPI--	TRANSFER FROM 5098704162090 / 	40236	 	5,600.00	5,51,475.38
10 Dec 2022	10 Dec 2022	   TO TRANSFER-INB ICICI_CC Payments--	YSBI1609883530CHL1878952               TRANSFER TO 3199619162098 / 	99922	1,500.00	 	5,49,975.38
12 Dec 2022	12 Dec 2022	   BULK POSTING-CR_TAMILNADU SANITARY STO     05549442        1012--	 / 	16899	 	1,352.18	5,51,327.56
12 Dec 2022	12 Dec 2022	   BULK POSTING-CR_TAMILNADU SANITARY STO     05548442        1112--	 / 	16899	 	12,000.00	5,63,327.56
12 Dec 2022	12 Dec 2022	   CASH DEPOSIT-CASH DEPOSIT SELF--	 / 	40236	 	95,500.00	6,58,827.56
12 Dec 2022	12 Dec 2022	BY CLEARING / CHEQUE-KVB   600053055-000201 600002332--201	 / 201	10395	 	10,000.00	6,68,827.56
12 Dec 2022	12 Dec 2022	BY CLEARING / CHEQUE-INB   600019092-530785 600002332--530785	 / 530785	10395	 	13,000.00	6,81,827.56
12 Dec 2022	12 Dec 2022	BY CLEARING / CHEQUE-KVB   600053055-000200 600002332--200	 / 200	10395	 	36,512.00	7,18,339.56
14 Dec 2022	14 Dec 2022	   TO TRANSFER-INB NEFT UTR NO: SBIN222348745918--Andavar Marketing PVT LTD	NEFT INB: CNACGCMSF5                              TRANSFER TO 4899157044304 / Andavar Marketing PVT LTD	99922	6,645.00	 	7,11,694.56
14 Dec 2022	14 Dec 2022	   TO TRANSFER-INB NEFT UTR NO: SBIN222348747921--National Ceramic Centre	NEFT INB: CNACGCMSV1                              TRANSFER TO 4899157044304 / National Ceramic Centre	99922	4,200.00	 	7,07,494.56
14 Dec 2022	14 Dec 2022	   TO TRANSFER-INB Payment towards Invoice/Bill--	CTV0514271               TRANSFER TO 31547097771                           KHUZEMA MAMUWALA AND C / 	99922	11,316.00	 	6,96,178.56
15 Dec 2022	15 Dec 2022	TO CLEARING-UBI   SRI KRISHNA SALES CORPORA--156107	 / 156107	10395	39,768.00	 	6,56,410.56
16 Dec 2022	16 Dec 2022	   DEBIT-PoS Rent for TID-05548442-Nov'22--	 / 	16899	411.82	 	6,55,998.74
16 Dec 2022	16 Dec 2022	   CASH DEPOSIT-CASH DEPOSIT SELF--	 / 	40236	 	49,000.00	7,04,998.74
17 Dec 2022	17 Dec 2022	BY CLEARING / CHEQUE-KCU   600054013-001255 600002332--1255	 / 1255	10395	 	10,000.00	7,14,998.74
17 Dec 2022	17 Dec 2022	   TO TRANSFER-INB NEFT UTR NO: SBIN522351938972--NOBEL TILES WORLD	NEFT INB: CNACGGDIB6                              TRANSFER TO 4899157044304 / NOBEL TILES WORLD	99922	10,440.00	 	7,04,558.74
17 Dec 2022	17 Dec 2022	   TO TRANSFER-INB NEFT UTR NO: SBIN522351940953--NOBEL TILES WORLD	NEFT INB: CNACGGDLQ3                              TRANSFER TO 4899157044304 / NOBEL TILES WORLD	99922	6,730.00	 	6,97,828.74
17 Dec 2022	17 Dec 2022	   TO TRANSFER-INB Payment towards Invoice/Bill--	CTV0998072               TRANSFER TO 57002369188                           NELLAI CERAMIC CENTRE / 	99922	8,742.00	 	6,89,086.74
17 Dec 2022	17 Dec 2022	   TO TRANSFER-INB NEFT UTR NO: SBIN522351948991--TRISHLA AGENCIES	NEFT INB: CNACGGDOI6                              TRANSFER TO 4899157044304 / TRISHLA AGENCIES	99922	10,082.00	 	6,79,004.74
17 Dec 2022	17 Dec 2022	   TO TRANSFER-INB NEFT UTR NO: SBIN522351951789--JAI GURUJI SANITTAION	NEFT INB: CNACGGDQK3                              TRANSFER TO 4899157044304 / JAI GURUJI SANITTAION	99922	5,125.00	 	6,73,879.74
17 Dec 2022	17 Dec 2022	   TO TRANSFER-INB Payment towards Invoice/Bill--	CTV0998693               TRANSFER TO 35879946549                           VARSIDDHI ENTERPRISES / 	99922	10,000.00	 	6,63,879.74
17 Dec 2022	17 Dec 2022	   TO TRANSFER-INB NEFT UTR NO: SBIN522351954863--AJANTHA BATHROOM PRODUCTS AND PIPES	NEFT INB: CNACGGDSV6                              TRANSFER TO 4899157044304 / AJANTHA BATHROOM PRODUCTS AND PIPES	99922	12,503.00	 	6,51,376.74
17 Dec 2022	17 Dec 2022	   TO TRANSFER-INB NEFT UTR NO: SBIN522351956441--SRI KRISHNA DISTRIBUTORS	NEFT INB: CNACGGDUC3                              TRANSFER TO 4899157044304 / SRI KRISHNA DISTRIBUTORS	99922	8,489.00	 	6,42,887.74
17 Dec 2022	17 Dec 2022	   TO TRANSFER-INB NEFT UTR NO: SBIN522351961986--Sattar Sanitary Stores	NEFT INB: CNACGGDUR9                              TRANSFER TO 4899157044304 / Sattar Sanitary Stores	99922	8,653.00	 	6,34,234.74
17 Dec 2022	17 Dec 2022	   TO TRANSFER-INB NEFT UTR NO: SBIN522351966252--MANGALAM SANITARY	NEFT INB: CNACGGDWD2                              TRANSFER TO 4899157044304 / MANGALAM SANITARY	99922	12,140.00	 	6,22,094.74
17 Dec 2022	17 Dec 2022	   TO TRANSFER-INB NEFT UTR NO: SBIN522351969154--PROVIDENT MARKETING	NEFT INB: CNACGGDYF5                              TRANSFER TO 4899157044304 / PROVIDENT MARKETING	99922	9,318.00	 	6,12,776.74
17 Dec 2022	17 Dec 2022	   TO TRANSFER-INB--	22123300213869CKV6939882               TRANSFER TO 36959659229                           POOLING ACCOUNT GST-MM / 	99922	7,470.00	 	6,05,306.74
17 Dec 2022	17 Dec 2022	   TO TRANSFER-INB NEFT UTR NO: SBIN522351992075--PROVIDENT MARKETING	NEFT INB: CNACGGESN7                              TRANSFER TO 4899157044304 / PROVIDENT MARKETING	99922	1,025.00	 	6,04,281.74
17 Dec 2022	17 Dec 2022	   TO TRANSFER-INB NEFT UTR NO: SBIN522351992963--D S Associates	NEFT INB: CNACGGEVE7                              TRANSFER TO 4899157044304 / D S Associates	99922	18,598.00	 	5,85,683.74
17 Dec 2022	17 Dec 2022	   TO TRANSFER-INB NEFT UTR NO: SBIN522351993886--D S Associates	NEFT INB: CNACGGEVM7                              TRANSFER TO 4899157044304 / D S Associates	99922	3,600.00	 	5,82,083.74
17 Dec 2022	17 Dec 2022	   TO TRANSFER-INB NEFT UTR NO: SBIN522351996925--SRI SENI Enterprises	NEFT INB: CNACGGEXC9                              TRANSFER TO 4899157044304 / SRI SENI Enterprises	99922	19,247.00	 	5,62,836.74
17 Dec 2022	17 Dec 2022	   TO TRANSFER-INB NEFT UTR NO: SBIN522351999327--Shabbir Sanitary Stores	NEFT INB: CNACGGEZD1                              TRANSFER TO 4899157044304 / Shabbir Sanitary Stores	99922	7,000.00	 	5,55,836.74
17 Dec 2022	17 Dec 2022	   TO TRANSFER-INB NEFT UTR NO: SBIN122351002123--Annam Enterprises	NEFT INB: CNACGGFAF0                              TRANSFER TO 4899157044304 / Annam Enterprises	99922	10,000.00	 	5,45,836.74
17 Dec 2022	17 Dec 2022	   OUT-CHQ RETURN-01Funds Insufficient drawer's authenticationagainr--	 / 	10395	10,000.00	 	5,35,836.74
17 Dec 2022	17 Dec 2022	cheque returned charges---1255	 / 1255	10395	177.00	 	5,35,659.74
19 Dec 2022	19 Dec 2022	   BULK POSTING-CR_TAMILNADU SANITARY STO     05548442        1712--	 / 	16899	 	15,444.99	5,51,104.73
19 Dec 2022	19 Dec 2022	   BULK POSTING-CR_TAMILNADU SANITARY STO     05549442        1712--	 / 	16899	 	3,413.27	5,54,518.00
19 Dec 2022	19 Dec 2022	BY CLEARING / CHEQUE-KCU   600054035-000135 600002332--135	 / 135	10395	 	9,100.00	5,63,618.00
19 Dec 2022	19 Dec 2022	   TO TRANSFER-INB--	487856153CHL2639398               TRANSFER TO 30552730897                           TANGEDCO / 	99922	3,028.00	 	5,60,590.00
19 Dec 2022	19 Dec 2022	CHEQUE WDL-CHEQUE TRANSFER TO--156108	TRANSFER FROM 20038598235                         Mr. ABBAS  HATIMBHOY K / 156108	40236	20,000.00	 	5,40,590.00
20 Dec 2022	20 Dec 2022	   TO TRANSFER-INB Commission of CHL2639398---	CHL2639398CXF2914382               TRANSFER TO 3197691073477 / 	99922	11.80	 	5,40,578.20
20 Dec 2022	20 Dec 2022	   BULK POSTING-CR_TAMILNADU SANITARY STO     05548442        1912--	 / 	16899	 	14,013.25	5,54,591.45
20 Dec 2022	20 Dec 2022	   BULK POSTING-CR_TAMILNADU SANITARY STO     05549442        1912--	 / 	16899	 	13,554.51	5,68,145.96
21 Dec 2022	21 Dec 2022	   BULK POSTING-CR_TAMILNADU SANITARY STO     05548442        2012--	 / 	16899	 	2,291.77	5,70,437.73
21 Dec 2022	21 Dec 2022	CHEQUE DEPOSIT---59768	TRANSFER TO 40940931500                           Mr. Elumalai  Kesavan / 59768	40236	 	7,000.00	5,77,437.73
21 Dec 2022	21 Dec 2022	   CASH DEPOSIT-CASH DEPOSIT SELF--	 / 	40236	 	61,500.00	6,38,937.73
22 Dec 2022	22 Dec 2022	   BULK POSTING-CR_TAMILNADU SANITARY STO     05548442        2112--	 / 	16899	 	7,594.77	6,46,532.50
22 Dec 2022	22 Dec 2022	   TO TRANSFER-INB NEFT UTR NO: SBIN422356582992--G K Trading Company	NEFT INB: CNACGKTAK1                              TRANSFER TO 4899157044304 / G K Trading Company	99922	2,530.00	 	6,44,002.50
22 Dec 2022	22 Dec 2022	   TO TRANSFER-INB NEFT UTR NO: SBIN422356584686--NOBEL TILES WORLD	NEFT INB: CNACGKTBV7                              TRANSFER TO 4899157044304 / NOBEL TILES WORLD	99922	38,060.00	 	6,05,942.50
22 Dec 2022	22 Dec 2022	   TO TRANSFER-INB NEFT UTR NO: SBIN422356585323--NOBEL TILES WORLD	NEFT INB: CNACGKTDM4                              TRANSFER TO 4899157044304 / NOBEL TILES WORLD	99922	16,620.00	 	5,89,322.50
22 Dec 2022	22 Dec 2022	   TO TRANSFER-INB NEFT UTR NO: SBIN422356587556--Andavar Marketing PVT LTD	NEFT INB: CNACGKTEX9                              TRANSFER TO 4899157044304 / Andavar Marketing PVT LTD	99922	510.00	 	5,88,812.50
22 Dec 2022	22 Dec 2022	   TO TRANSFER-INB NEFT UTR NO: SBIN422356588135--TRISHLA AGENCIES	NEFT INB: CNACGKTFX2                              TRANSFER TO 4899157044304 / TRISHLA AGENCIES	99922	9,020.00	 	5,79,792.50
22 Dec 2022	22 Dec 2022	   TO TRANSFER-INB Payment towards Invoice/Bill--	CTV1645010               TRANSFER TO 32818937606                           GOLDEN HARDWARE CENTRE / 	99922	6,774.00	 	5,73,018.50
22 Dec 2022	22 Dec 2022	   TO TRANSFER-INB NEFT UTR NO: SBIN422356589821--VASSAVI TRADERS	NEFT INB: CNACGKTIT7                              TRANSFER TO 4899157044304 / VASSAVI TRADERS	99922	7,065.00	 	5,65,953.50
22 Dec 2022	22 Dec 2022	   TO TRANSFER-INB NEFT UTR NO: SBIN422356590382--GERMA Sanitarywares PVT LTD	NEFT INB: CNACGKTKI9                              TRANSFER TO 4899157044304 / GERMA Sanitarywares PVT LTD	99922	10,000.00	 	5,55,953.50
22 Dec 2022	22 Dec 2022	   TO TRANSFER-INB NEFT UTR NO: SBIN422356599911--NOBEL TILES WORLD	NEFT INB: CNACGKTWG6                              TRANSFER TO 4899157044304 / NOBEL TILES WORLD	99922	12,075.00	 	5,43,878.50
22 Dec 2022	22 Dec 2022	   BY TRANSFER-UPI/CR/235694078026/E RAJESH/HDFC/rajesh4720/plumb--	TRANSFER FROM 5099068162094 / 	40236	 	7,005.00	5,50,883.50
23 Dec 2022	23 Dec 2022	   BULK POSTING-CR_TAMILNADU SANITARY STO     05549442        2212--	 / 	16899	 	2,994.60	5,53,878.10
24 Dec 2022	24 Dec 2022	   BULK POSTING-CR_TAMILNADU SANITARY STO     05548442        2312--	 / 	16899	 	10,824.94	5,64,703.04
25 Dec 2022	25 Dec 2022	   TO TRANSFER-INB NEFT UTR NO: SBIN122359812867--Paradise India Bath Trends	NEFT INB: CNACGNMHE3                              TRANSFER TO 4899157044304 / Paradise India Bath Trends	99922	6,170.00	 	5,58,533.04
25 Dec 2022	25 Dec 2022	   TO TRANSFER-INB NEFT UTR NO: SBIN122359812913--Super Trading Corporation	NEFT INB: CNACGNMHF7                              TRANSFER TO 4899157044304 / Super Trading Corporation	99922	5,483.00	 	5,53,050.04
25 Dec 2022	25 Dec 2022	   TO TRANSFER-INB NEFT UTR NO: SBIN122359814336--SMS Industrial Impex	NEFT INB: CNACGNMHJ2                              TRANSFER TO 4899157044304 / SMS Industrial Impex	99922	7,015.00	 	5,46,035.04
25 Dec 2022	25 Dec 2022	   TO TRANSFER-INB NEFT UTR NO: SBIN122359814503--SHYAMS ENTERPRISES	NEFT INB: CNACGNMHB6                              TRANSFER TO 4899157044304 / SHYAMS ENTERPRISES	99922	5,371.00	 	5,40,664.04
25 Dec 2022	25 Dec 2022	   TO TRANSFER-INB NEFT UTR NO: SBIN122359814398--GOEL CERAMICS	NEFT INB: CNACGNMIS0                              TRANSFER TO 4899157044304 / GOEL CERAMICS	99922	7,670.00	 	5,32,994.04
25 Dec 2022	25 Dec 2022	   TO TRANSFER-INB NEFT UTR NO: SBIN122359814432--JAI GURUJI SANITTAION	NEFT INB: CNACGNMHO7                              TRANSFER TO 4899157044304 / JAI GURUJI SANITTAION	99922	2,452.00	 	5,30,542.04
25 Dec 2022	25 Dec 2022	   TO TRANSFER-INB Payment towards Invoice/Bill--	CTV2012227               TRANSFER TO 35879946549                           VARSIDDHI ENTERPRISES / 	99922	10,060.00	 	5,20,482.04
25 Dec 2022	25 Dec 2022	   TO TRANSFER-INB NEFT UTR NO: SBIN122359814678--Sri Ganapathy Enterprises	NEFT INB: CNACGNMJA5                              TRANSFER TO 4899157044304 / Sri Ganapathy Enterprises	99922	5,322.00	 	5,15,160.04
25 Dec 2022	25 Dec 2022	   TO TRANSFER-INB NEFT UTR NO: SBIN122359814710--AJANTHA BATHROOM PRODUCTS AND PIPES	NEFT INB: CNACGNMHT1                              TRANSFER TO 4899157044304 / AJANTHA BATHROOM PRODUCTS AND PIPES	99922	3,051.00	 	5,12,109.04
25 Dec 2022	25 Dec 2022	   TO TRANSFER-INB NEFT UTR NO: SBIN122359814752--SRI SENI Enterprises	NEFT INB: CNACGNMHV0                              TRANSFER TO 4899157044304 / SRI SENI Enterprises	99922	18,910.00	 	4,93,199.04
25 Dec 2022	25 Dec 2022	   TO TRANSFER-INB NEFT UTR NO: SBIN122359816008--Sattar Sanitary Stores	NEFT INB: CNACGNMJI8                              TRANSFER TO 4899157044304 / Sattar Sanitary Stores	99922	6,392.00	 	4,86,807.04
25 Dec 2022	25 Dec 2022	   TO TRANSFER-INB NEFT UTR NO: SBIN122359815673--D S Associates	NEFT INB: CNACGNMKI1                              TRANSFER TO 4899157044304 / D S Associates	99922	20,093.00	 	4,66,714.04
25 Dec 2022	25 Dec 2022	   TO TRANSFER-INB NEFT UTR NO: SBIN122359815775--NOBEL TILES WORLD	NEFT INB: CNACGNMJS2                              TRANSFER TO 4899157044304 / NOBEL TILES WORLD	99922	15,000.00	 	4,51,714.04
25 Dec 2022	25 Dec 2022	   TO TRANSFER-INB NEFT UTR NO: SBIN122359815831--Andavar Marketing PVT LTD	NEFT INB: CNACGNMKP3                              TRANSFER TO 4899157044304 / Andavar Marketing PVT LTD	99922	6,555.00	 	4,45,159.04
26 Dec 2022	26 Dec 2022	   BULK POSTING-CR_TAMILNADU SANITARY STO     05549442        2412--	 / 	16899	 	38,575.36	4,83,734.40
26 Dec 2022	26 Dec 2022	   CASH DEPOSIT-CASH DEPOSIT SELF--	 / 	40236	 	48,500.00	5,32,234.40
26 Dec 2022	26 Dec 2022	   TO TRANSFER-INB--	489442100CHL3164375               TRANSFER TO 30552730897                           TANGEDCO / 	99922	2,067.00	 	5,30,167.40
26 Dec 2022	26 Dec 2022	   TO TRANSFER-INB--	489443565CHL3164904               TRANSFER TO 30552730897                           TANGEDCO / 	99922	2,350.00	 	5,27,817.40
26 Dec 2022	26 Dec 2022	   TO TRANSFER-INB NEFT UTR NO: SBIN222360096816--PIRANHA ENTERPRISES	NEFT INB: CNACGNYRW6                              TRANSFER TO 4899157044304 / PIRANHA ENTERPRISES	99922	2,209.00	 	5,25,608.40
27 Dec 2022	27 Dec 2022	   TO TRANSFER-INB Commission of CHL3164375---	CHL3164375CXF3089798               TRANSFER TO 3197691073477 / 	99922	11.80	 	5,25,596.60
27 Dec 2022	27 Dec 2022	   TO TRANSFER-INB Commission of CHL3164904---	CHL3164904CXF3089801               TRANSFER TO 3197691073477 / 	99922	11.80	 	5,25,584.80
27 Dec 2022	27 Dec 2022	   BULK POSTING-CR_TAMILNADU SANITARY STO     05548442        2612--	 / 	16899	 	734.25	5,26,319.05
27 Dec 2022	27 Dec 2022	   BULK POSTING-CR_TAMILNADU SANITARY STO     05549442        2612--	 / 	16899	 	11,536.17	5,37,855.22
27 Dec 2022	27 Dec 2022	BY CLEARING / CHEQUE-GPO   600111006-577836 600002332--577836	 / 577836	10395	 	1,250.00	5,39,105.22
28 Dec 2022	28 Dec 2022	   BULK POSTING-CR_TAMILNADU SANITARY STO     05548442        2712--	 / 	16899	 	20,354.12	5,59,459.34
28 Dec 2022	28 Dec 2022	   BY TRANSFER-UPI/CR/236290510655/J LAKSHMI/HDFC/9884049956/Bill--	TRANSFER FROM 4898964162099 / 	1	 	5,125.00	5,64,584.34
29 Dec 2022	29 Dec 2022	TO CLEARING-HDF   NATIONALCERAMICCENTRE--156111	 / 156111	10395	2,340.00	 	5,62,244.34
29 Dec 2022	29 Dec 2022	   BULK POSTING-CR_TAMILNADU SANITARY STO     05548442        2812--	 / 	16899	 	6,143.89	5,68,388.23
29 Dec 2022	29 Dec 2022	   CASH DEPOSIT-CASH DEPOSIT SELF--	 / 	40236	 	18,000.00	5,86,388.23
30 Dec 2022	30 Dec 2022	   BULK POSTING-CR_TAMILNADU SANITARY STO     05548442        2912--	 / 	16899	 	489.50	5,86,877.73
31 Dec 2022	31 Dec 2022	   BULK POSTING-CR_TAMILNADU SANITARY STO     05548442        3012--	 / 	16899	 	2,190.00	5,89,067.73
31 Dec 2022	31 Dec 2022	   CASH DEPOSIT-CASH DEPOSIT SELF--	 / 	40236	 	9,500.00	5,98,567.73

**This is a computer generated statement and does not require a signature