Account Name       :                	TAMILNADU SANITARY STORES
Address            :	NO 143,  KUTCHERY ROAD,  MYLAPORE  Chennai
                                    	CHENNAI
                                    	TAMILNADU-600004
                                    	India
Date               :                	6 Jul 2022
Account Number     :	_00000030976446269
Account Description:	CA-REGULAR-PUB-OTH-ALL-INR
Branch             :	SANTHOME
Drawing Power      :	0.00
Interest Rate(% p.a.):	0.0
MOD Balance      :	0.00
CIF No.          :	_85676868920
IFS Code         :	SBIN0040236
MICR Code        :	_600002332
Balance on 1 Jun 2022        :	8,51,972.53
Start Date          :	1 Jun 2022
End Date            :	30 Jun 2022
Txn Date	Value Date	Description	Ref No./Cheque No.	Branch Code	        Debit	Credit	Balance	
1 Jun 2022	1 Jun 2022	   BY TRANSFER-NEFT*ICIC0SF0002*27851284891DC*KRISHNA ENTERPRISES--	TRANSFER FROM 3199420044306 / 	4430	 	800.00	8,52,772.53
2 Jun 2022	2 Jun 2022	TO CLEARING-BOB   SUPER TRADING CORPORATION--250744	 / 250744	10395	11,642.00	 	8,41,130.53
2 Jun 2022	2 Jun 2022	   CASH DEPOSIT-CASH DEPOSIT SELF--	 / 	40236	 	58,500.00	8,99,630.53
2 Jun 2022	2 Jun 2022	   TO TRANSFER-INB NEFT UTR NO: SBIN522153058547--D S Associates	NEFT INB: CNABZDKFN1                              TRANSFER TO 4899157044304 / D S Associates	99922	25,488.00	 	8,74,142.53
2 Jun 2022	2 Jun 2022	   TO TRANSFER-INB NEFT UTR NO: SBIN522153059744--SRI SENI Enterprises	NEFT INB: CNABZDKHK6                              TRANSFER TO 4899157044304 / SRI SENI Enterprises	99922	10,000.00	 	8,64,142.53
2 Jun 2022	2 Jun 2022	   TO TRANSFER-INB NEFT UTR NO: SBIN522153062668--MANGALAM SANITARY	NEFT INB: CNABZDKIU6                              TRANSFER TO 4899157044304 / MANGALAM SANITARY	99922	5,867.00	 	8,58,275.53
2 Jun 2022	2 Jun 2022	   TO TRANSFER-INB NEFT UTR NO: SBIN522153064016--Lakshmi Hayagrivaa Maarketing	NEFT INB: CNABZDKJF6                              TRANSFER TO 4899157044304 / Lakshmi Hayagrivaa Maarketing	99922	1,372.00	 	8,56,903.53
2 Jun 2022	2 Jun 2022	   TO TRANSFER-INB Payment towards Invoice/Bill--	CTS5595610               TRANSFER TO 31547097771                           KHUZEMA MAMUWALA AND C / 	99922	9,671.00	 	8,47,232.53
2 Jun 2022	2 Jun 2022	   TO TRANSFER-INB NEFT UTR NO: SBIN522153065227--Hussain Sanitary Stores	NEFT INB: CNABZDKKU7                              TRANSFER TO 4899157044304 / Hussain Sanitary Stores	99922	12,810.00	 	8,34,422.53
2 Jun 2022	2 Jun 2022	   TO TRANSFER-INB Payment towards Invoice/Bill--	CTS5596186               TRANSFER TO 32818937606                           GOLDEN HARDWARE CENTRE / 	99922	637.00	 	8,33,785.53
2 Jun 2022	2 Jun 2022	   TO TRANSFER-INB NEFT UTR NO: SBIN522153109852--Andavar Marketing PVT LTD	NEFT INB: CNABZDMDN4                              TRANSFER TO 4899157044304 / Andavar Marketing PVT LTD	99922	11,201.00	 	8,22,584.53
2 Jun 2022	2 Jun 2022	   BULK POSTING-CR_TAMILNADU SANITARY STO     05549442        0106--	 / 	16899	 	2,097.49	8,24,682.02
4 Jun 2022	4 Jun 2022	   TO TRANSFER-INB NEFT UTR NO: SBIN222155202798--AJANTHA BATHROOM PRODUCTS AND PIPES	NEFT INB: CNABZFNWT9                              TRANSFER TO 4899157044304 / AJANTHA BATHROOM PRODUCTS AND PIPES	99922	9,799.00	 	8,14,883.02
4 Jun 2022	4 Jun 2022	   TO TRANSFER-INB NEFT UTR NO: SBIN222155204539--AJANTHA BATHROOM PRODUCTS AND PIPES	NEFT INB: CNABZFNVU9                              TRANSFER TO 4899157044304 / AJANTHA BATHROOM PRODUCTS AND PIPES	99922	20,000.00	 	7,94,883.02
4 Jun 2022	4 Jun 2022	   TO TRANSFER-INB NEFT UTR NO: SBIN222155204802--ABHIVAIRAVANS PLUMBING CO	NEFT INB: CNABZFNZF2                              TRANSFER TO 4899157044304 / ABHIVAIRAVANS PLUMBING CO	99922	8,199.00	 	7,86,684.02
4 Jun 2022	4 Jun 2022	   TO TRANSFER-INB NEFT UTR NO: SBIN222155206948--NOBEL TILES WORLD	NEFT INB: CNABZFNZR1                              TRANSFER TO 4899157044304 / NOBEL TILES WORLD	99922	11,970.00	 	7,74,714.02
4 Jun 2022	4 Jun 2022	   BULK POSTING-CR_TAMILNADU SANITARY STO     05549442        0306--	 / 	16899	 	14,039.30	7,88,753.32
4 Jun 2022	4 Jun 2022	   TO TRANSFER-INB NEFT UTR NO: SBIN222155205695--K M CERAMICS	NEFT INB: CNABZFOAT0                              TRANSFER TO 4899157044304 / K M CERAMICS	99922	10,200.00	 	7,78,553.32
4 Jun 2022	4 Jun 2022	   BY TRANSFER-NEFTRRSBIN222155204802(04-06-22)ACCOUNT CLOSED--	TRANSFER FROM 3199304402368 / 	4430	 	8,199.00	7,86,752.32
4 Jun 2022	4 Jun 2022	   BY TRANSFER-INB IMPS215512166240/9952935103/XX1352/--	MAB001022313339          MAB001022313339          TRANSFER FROM 4597959162090 / 	99922	 	20,826.00	8,07,578.32
6 Jun 2022	6 Jun 2022	   TO TRANSFER-INB Salary Payment--	CTS6103294               TRANSFER TO 32950808735                           Mr. KASI  R / 	99922	17,000.00	 	7,90,578.32
6 Jun 2022	6 Jun 2022	   TO TRANSFER-INB Payment towards Invoice/Bill--	CTS6104838               TRANSFER TO 31054735034                           Mr. NOUSHAD  ABDUL SAL / 	99922	15,000.00	 	7,75,578.32
6 Jun 2022	6 Jun 2022	   TO TRANSFER-INB NEFT UTR NO: SBIN322157255574--ARUNKUMAR MANOHARAN	NEFT INB: CNABZGWHI9                              TRANSFER TO 4899157044304 / ARUNKUMAR MANOHARAN	99922	5,000.00	 	7,70,578.32
6 Jun 2022	6 Jun 2022	   TO TRANSFER-INB NEFT UTR NO: SBIN322157256707--Shiv Shakti Agencies	NEFT INB: CNABZGWIZ4                              TRANSFER TO 4899157044304 / Shiv Shakti Agencies	99922	7,257.00	 	7,63,321.32
6 Jun 2022	6 Jun 2022	   TO TRANSFER-INB NEFT UTR NO: SBIN322157257503--SHYAMS ENTERPRISES	NEFT INB: CNABZGWJQ5                              TRANSFER TO 4899157044304 / SHYAMS ENTERPRISES	99922	8,635.00	 	7,54,686.32
6 Jun 2022	6 Jun 2022	   TO TRANSFER-INB NEFT UTR NO: SBIN322157258242--MANGALAM SANITARY	NEFT INB: CNABZGWKT2                              TRANSFER TO 4899157044304 / MANGALAM SANITARY	99922	9,530.00	 	7,45,156.32
6 Jun 2022	6 Jun 2022	   TO TRANSFER-INB NEFT UTR NO: SBIN322157258887--D S Associates	NEFT INB: CNABZGWKH5                              TRANSFER TO 4899157044304 / D S Associates	99922	28,036.00	 	7,17,120.32
6 Jun 2022	6 Jun 2022	   TO TRANSFER-INB NEFT UTR NO: SBIN322157259777--SRI SENI Enterprises	NEFT INB: CNABZGWNQ9                              TRANSFER TO 4899157044304 / SRI SENI Enterprises	99922	15,000.00	 	7,02,120.32
6 Jun 2022	6 Jun 2022	   BULK POSTING-CR_TAMILNADU SANITARY STO     05549442        0406--	 / 	16899	 	4,183.66	7,06,303.98
6 Jun 2022	6 Jun 2022	   BULK POSTING-CR_TAMILNADU SANITARY STO     05548442        0406--	 / 	16899	 	756.96	7,07,060.94
6 Jun 2022	6 Jun 2022	   BY TRANSFER-UPI/CR/215718380608/BASKARAN/SBIN/veemanbask/UPI--	TRANSFER FROM 4897701162097 / 	40236	 	1,380.00	7,08,440.94
7 Jun 2022	7 Jun 2022	   TO TRANSFER-INB NEFT UTR NO: SBIN422158628217--AbhiVairavans Plumbing Co	NEFT INB: CNABZICJE0                              TRANSFER TO 4899157044304 / AbhiVairavans Plumbing Co	99922	8,199.00	 	7,00,241.94
7 Jun 2022	7 Jun 2022	   TO TRANSFER-INB NEFT UTR NO: SBIN422158629523--Andavar Marketing PVT LTD	NEFT INB: CNABZICIY4                              TRANSFER TO 4899157044304 / Andavar Marketing PVT LTD	99922	5,400.00	 	6,94,841.94
7 Jun 2022	7 Jun 2022	   TO TRANSFER-INB NEFT UTR NO: SBIN422158630716--Sattar Sanitary Stores	NEFT INB: CNABZICJT0                              TRANSFER TO 4899157044304 / Sattar Sanitary Stores	99922	17,700.00	 	6,77,141.94
7 Jun 2022	7 Jun 2022	   TO TRANSFER-INB NEFT UTR NO: SBIN422158632307--Hussain Sanitary Stores	NEFT INB: CNABZICMJ0                              TRANSFER TO 4899157044304 / Hussain Sanitary Stores	99922	3,775.00	 	6,73,366.94
7 Jun 2022	7 Jun 2022	   TO TRANSFER-INB NEFT UTR NO: SBIN422158633623--TRISHLA AGENCIES	NEFT INB: CNABZICMS8                              TRANSFER TO 4899157044304 / TRISHLA AGENCIES	99922	9,632.00	 	6,63,734.94
7 Jun 2022	7 Jun 2022	   TO TRANSFER-INB Payment towards Invoice/Bill--	CTS6271991               TRANSFER TO 32423647359                           ARAVIND CERAMICS PRIVA / 	99922	4,350.00	 	6,59,384.94
7 Jun 2022	7 Jun 2022	   CASH DEPOSIT-CASH DEPOSIT SELF--	 / 	40236	 	69,000.00	7,28,384.94
7 Jun 2022	7 Jun 2022	   BULK POSTING-CR_TAMILNADU SANITARY STO     05548442        0606--	 / 	16899	 	6,729.02	7,35,113.96
7 Jun 2022	7 Jun 2022	   BULK POSTING-CR_TAMILNADU SANITARY STO     05549442        0606--	 / 	16899	 	1,860.10	7,36,974.06
8 Jun 2022	8 Jun 2022	   BULK POSTING-CR_TAMILNADU SANITARY STO     05548442        0706--	 / 	16899	 	35,071.14	7,72,045.20
9 Jun 2022	9 Jun 2022	   BULK POSTING-CR_TAMILNADU SANITARY STO     05549442        0806--	 / 	16899	 	18,560.77	7,90,605.97
10 Jun 2022	10 Jun 2022	   TO TRANSFER-INB NEFT UTR NO: SBIN322161361982--D S Associates	NEFT INB: CNABZLXVK2                              TRANSFER TO 4899157044304 / D S Associates	99922	20,000.00	 	7,70,605.97
10 Jun 2022	10 Jun 2022	   TO TRANSFER-INB NEFT UTR NO: SBIN322161363377--SRI SENI Enterprises	NEFT INB: CNABZLXWQ5                              TRANSFER TO 4899157044304 / SRI SENI Enterprises	99922	14,301.00	 	7,56,304.97
10 Jun 2022	10 Jun 2022	   TO TRANSFER-INB NEFT UTR NO: SBIN322161364167--SRI SENI Enterprises	NEFT INB: CNABZLXXU3                              TRANSFER TO 4899157044304 / SRI SENI Enterprises	99922	10,000.00	 	7,46,304.97
10 Jun 2022	10 Jun 2022	   TO TRANSFER-INB NEFT UTR NO: SBIN322161365140--Super Trading Corporation	NEFT INB: CNABZLXZF8                              TRANSFER TO 4899157044304 / Super Trading Corporation	99922	3,439.00	 	7,42,865.97
10 Jun 2022	10 Jun 2022	   TO TRANSFER-INB NEFT UTR NO: SBIN322161368092--AJANTHA BATHROOM PRODUCTS AND PIPES	NEFT INB: CNABZLXZU6                              TRANSFER TO 4899157044304 / AJANTHA BATHROOM PRODUCTS AND PIPES	99922	23,811.00	 	7,19,054.97
10 Jun 2022	10 Jun 2022	   TO TRANSFER-INB NEFT UTR NO: SBIN322161369338--Shri Krishna Enterprises	NEFT INB: CNABZLYCH1                              TRANSFER TO 4899157044304 / Shri Krishna Enterprises	99922	8,174.00	 	7,10,880.97
10 Jun 2022	10 Jun 2022	   TO TRANSFER-INB NEFT UTR NO: SBIN322161370862--Shabbir Sanitary Stores	NEFT INB: CNABZLYDM1                              TRANSFER TO 4899157044304 / Shabbir Sanitary Stores	99922	12,897.00	 	6,97,983.97
10 Jun 2022	10 Jun 2022	   TO TRANSFER-INB NEFT UTR NO: SBIN322161372007--K M CERAMICS	NEFT INB: CNABZLYDY7                              TRANSFER TO 4899157044304 / K M CERAMICS	99922	15,000.00	 	6,82,983.97
10 Jun 2022	10 Jun 2022	   TO TRANSFER-INB NEFT UTR NO: SBIN322161372971--NOBEL TILES WORLD	NEFT INB: CNABZLYFQ7                              TRANSFER TO 4899157044304 / NOBEL TILES WORLD	99922	1,178.00	 	6,81,805.97
10 Jun 2022	10 Jun 2022	   TO TRANSFER-INB NEFT UTR NO: SBIN322161373846--NOBEL TILES WORLD	NEFT INB: CNABZLYGD8                              TRANSFER TO 4899157044304 / NOBEL TILES WORLD	99922	15,000.00	 	6,66,805.97
10 Jun 2022	10 Jun 2022	   TO TRANSFER-INB NEFT UTR NO: SBIN322161375808--MANGALAM SANITARY	NEFT INB: CNABZLYGP0                              TRANSFER TO 4899157044304 / MANGALAM SANITARY	99922	16,073.00	 	6,50,732.97
10 Jun 2022	10 Jun 2022	   TO TRANSFER-INB NEFT UTR NO: SBIN322161377959--Sattar Sanitary Stores	NEFT INB: CNABZLYIH1                              TRANSFER TO 4899157044304 / Sattar Sanitary Stores	99922	20,785.00	 	6,29,947.97
10 Jun 2022	10 Jun 2022	   BULK POSTING-CR_TAMILNADU SANITARY STO     05549442        0906--	 / 	16899	 	3,501.78	6,33,449.75
10 Jun 2022	10 Jun 2022	   CASH DEPOSIT-CASH DEPOSIT SELF--	 / 	40236	 	33,000.00	6,66,449.75
13 Jun 2022	13 Jun 2022	   BULK POSTING-CR_TAMILNADU SANITARY STO     05549442        1106--	 / 	16899	 	20,720.67	6,87,170.42
13 Jun 2022	13 Jun 2022	   DEBIT-PoS Rent for TID-05548442-May'22--	 / 	16899	411.82	 	6,86,758.60
14 Jun 2022	14 Jun 2022	   BULK POSTING-CR_TAMILNADU SANITARY STO     05548442        1306--	 / 	16899	 	2,524.57	6,89,283.17
14 Jun 2022	14 Jun 2022	   BULK POSTING-CR_TAMILNADU SANITARY STO     05549442        1306--	 / 	16899	 	3,040.82	6,92,323.99
14 Jun 2022	14 Jun 2022	   TO TRANSFER-INB NEFT UTR NO: SBIN222165133524--FRIENDLY SERVICES	NEFT INB: CNABZPUMZ9                              TRANSFER TO 4899157044304 / FRIENDLY SERVICES	99922	7,458.00	 	6,84,865.99
14 Jun 2022	14 Jun 2022	   TO TRANSFER-INB Payment towards Invoice/Bill--	CTS7341768               TRANSFER TO 31547097771                           KHUZEMA MAMUWALA AND C / 	99922	9,991.00	 	6,74,874.99
14 Jun 2022	14 Jun 2022	   TO TRANSFER-INB NEFT UTR NO: SBIN222165142224--AbhiVairavans Plumbing Co	NEFT INB: CNABZPUPR2                              TRANSFER TO 4899157044304 / AbhiVairavans Plumbing Co	99922	7,264.00	 	6,67,610.99
14 Jun 2022	14 Jun 2022	   TO TRANSFER-INB NEFT UTR NO: SBIN222165145209--Andavar Marketing PVT LTD	NEFT INB: CNABZPUQD0                              TRANSFER TO 4899157044304 / Andavar Marketing PVT LTD	99922	1,400.00	 	6,66,210.99
14 Jun 2022	14 Jun 2022	   TO TRANSFER-INB NEFT UTR NO: SBIN222165147052--Andavar Marketing PVT LTD	NEFT INB: CNABZPUQN2                              TRANSFER TO 4899157044304 / Andavar Marketing PVT LTD	99922	16,101.00	 	6,50,109.99
14 Jun 2022	14 Jun 2022	   TO TRANSFER-INB NEFT UTR NO: SBIN222165151429--D S Associates	NEFT INB: CNABZPUSR0                              TRANSFER TO 4899157044304 / D S Associates	99922	20,000.00	 	6,30,109.99
14 Jun 2022	14 Jun 2022	   TO TRANSFER-INB NEFT UTR NO: SBIN222165155287--D S Associates	NEFT INB: CNABZPUTR1                              TRANSFER TO 4899157044304 / D S Associates	99922	1,725.00	 	6,28,384.99
14 Jun 2022	14 Jun 2022	   TO TRANSFER-INB NEFT UTR NO: SBIN222165158609--SRI SENI Enterprises	NEFT INB: CNABZPUVA8                              TRANSFER TO 4899157044304 / SRI SENI Enterprises	99922	10,000.00	 	6,18,384.99
14 Jun 2022	14 Jun 2022	   TO TRANSFER-INB NEFT UTR NO: SBIN222165170918--Hussain Sanitary Stores	NEFT INB: CNABZPVAM0                              TRANSFER TO 4899157044304 / Hussain Sanitary Stores	99922	3,990.00	 	6,14,394.99
15 Jun 2022	15 Jun 2022	   CASH DEPOSIT-CASH DEPOSIT SELF--	 / 	40236	 	76,500.00	6,90,894.99
15 Jun 2022	15 Jun 2022	   TO TRANSFER-INB--	15346997884CHJ6712580               TRANSFER TO 4599563162094 / 	99922	942.82	 	6,89,952.17
15 Jun 2022	15 Jun 2022	   TO TRANSFER-INB--	111536285554CHJ6713121               TRANSFER TO 4599228162097 / 	99922	479.09	 	6,89,473.08
15 Jun 2022	15 Jun 2022	BY CLEARING / CHEQUE-CHB   600036005-000128 600002332--128	 / 128	10395	 	2,940.00	6,92,413.08
15 Jun 2022	15 Jun 2022	   BY TRANSFER-NEFT*ICIC0SF0002*422723130*NIRMALA SOOSAIMUTHU*Til--	TRANSFER FROM 3199963044309 / 	4430	 	70,916.00	7,63,329.08
16 Jun 2022	16 Jun 2022	   BULK POSTING-CR_TAMILNADU SANITARY STO     05548442        1506--	 / 	16899	 	3,530.30	7,66,859.38
16 Jun 2022	16 Jun 2022	   BULK POSTING-CR_TAMILNADU SANITARY STO     05549442        1506--	 / 	16899	 	19,891.84	7,86,751.22
17 Jun 2022	17 Jun 2022	   BULK POSTING-CR_TAMILNADU SANITARY STO     05548442        1606--	 / 	16899	 	3,215.34	7,89,966.56
17 Jun 2022	17 Jun 2022	   BULK POSTING-CR_TAMILNADU SANITARY STO     05549442        1606--	 / 	16899	 	11,837.65	8,01,804.21
17 Jun 2022	17 Jun 2022	   BY TRANSFER-INB IMPS216812484145/9962350035/XX4241/Towards of--	MAB001036937059          MAB001036937059          TRANSFER FROM 4898013162091 / 	99922	 	1,580.00	8,03,384.21
18 Jun 2022	18 Jun 2022	   BY TRANSFER-UPI/CR/216910290351/Ms NANDH/CIUB/nandhinima/Mahes--	TRANSFER FROM 5099205162090 / 	40236	 	5,600.00	8,08,984.21
18 Jun 2022	18 Jun 2022	   BY TRANSFER-UPI/CR/216942533531/R ARUMUGAM/IOBA/latharumug/til--	TRANSFER FROM 4695227162098 / 	40236	 	23,300.00	8,32,284.21
20 Jun 2022	20 Jun 2022	   CASH DEPOSIT-CASH DEPOSIT SELF--	 / 	40236	 	55,500.00	8,87,784.21
20 Jun 2022	20 Jun 2022	   TO TRANSFER-INB NEFT UTR NO: SBIN122171294309--SRI SENI Enterprises	NEFT INB: CNABZUOOV3                              TRANSFER TO 4899157044304 / SRI SENI Enterprises	99922	9,503.00	 	8,78,281.21
20 Jun 2022	20 Jun 2022	   TO TRANSFER-INB NEFT UTR NO: SBIN122171293985--SRI SENI Enterprises	NEFT INB: CNABZUOQF1                              TRANSFER TO 4899157044304 / SRI SENI Enterprises	99922	13,882.00	 	8,64,399.21
20 Jun 2022	20 Jun 2022	   TO TRANSFER-INB NEFT UTR NO: SBIN122171296066--FRIENDLY SERVICES	NEFT INB: CNABZUOTY4                              TRANSFER TO 4899157044304 / FRIENDLY SERVICES	99922	1,476.00	 	8,62,923.21
20 Jun 2022	20 Jun 2022	   TO TRANSFER-INB NEFT UTR NO: SBIN122171296419--Andavar Marketing PVT LTD	NEFT INB: CNABZUOSW9                              TRANSFER TO 4899157044304 / Andavar Marketing PVT LTD	99922	2,240.00	 	8,60,683.21
20 Jun 2022	20 Jun 2022	   TO TRANSFER-INB NEFT UTR NO: SBIN122171297836--Andavar Marketing PVT LTD	NEFT INB: CNABZUOUQ4                              TRANSFER TO 4899157044304 / Andavar Marketing PVT LTD	99922	21,396.00	 	8,39,287.21
20 Jun 2022	20 Jun 2022	   TO TRANSFER-INB NEFT UTR NO: SBIN122171305234--ARUNKUMAR MANOHARAN	NEFT INB: CNABZUPGA9                              TRANSFER TO 4899157044304 / ARUNKUMAR MANOHARAN	99922	184.00	 	8,39,103.21
20 Jun 2022	20 Jun 2022	   TO TRANSFER-INB Payment towards Invoice/Bill--	CTS7986927               TRANSFER TO 57002369188                           NELLAI CERAMIC CENTRE / 	99922	17,141.00	 	8,21,962.21
20 Jun 2022	20 Jun 2022	   TO TRANSFER-INB NEFT UTR NO: SBIN122171308602--D S Associates	NEFT INB: CNABZUPIB1                              TRANSFER TO 4899157044304 / D S Associates	99922	25,000.00	 	7,96,962.21
20 Jun 2022	20 Jun 2022	   BULK POSTING-CR_TAMILNADU SANITARY STO     05549442        1806--	 / 	16899	 	19,720.98	8,16,683.19
21 Jun 2022	21 Jun 2022	TO CLEARING-PNB   JUMMA MASJID--250748	 / 250748	10395	14,550.00	 	8,02,133.19
21 Jun 2022	21 Jun 2022	   BULK POSTING-CR_TAMILNADU SANITARY STO     05548442        2006--	 / 	16899	 	24,234.22	8,26,367.41
21 Jun 2022	21 Jun 2022	   BULK POSTING-CR_TAMILNADU SANITARY STO     05549442        2006--	 / 	16899	 	12,264.60	8,38,632.01
21 Jun 2022	21 Jun 2022	   TO TRANSFER-INB NEFT UTR NO: SBIN222172138988--K M CERAMICS	NEFT INB: CNABZVPNN3                              TRANSFER TO 4899157044304 / K M CERAMICS	99922	20,000.00	 	8,18,632.01
21 Jun 2022	21 Jun 2022	   TO TRANSFER-INB NEFT UTR NO: SBIN222172139139--NOBEL TILES WORLD	NEFT INB: CNABZVPNT7                              TRANSFER TO 4899157044304 / NOBEL TILES WORLD	99922	20,000.00	 	7,98,632.01
21 Jun 2022	21 Jun 2022	   TO TRANSFER-INB NEFT UTR NO: SBIN222172139264--AJANTHA BATHROOM PRODUCTS AND PIPES	NEFT INB: CNABZVPOX2                              TRANSFER TO 4899157044304 / AJANTHA BATHROOM PRODUCTS AND PIPES	99922	10,000.00	 	7,88,632.01
21 Jun 2022	21 Jun 2022	   CSH DEP (CDM)-7871651387--	 / 	4292	 	20,000.00	8,08,632.01
21 Jun 2022	21 Jun 2022	BY CLEARING / CHEQUE-KOT   600485017-001081 600002332--1081	 / 1081	10395	 	2,420.00	8,11,052.01
21 Jun 2022	21 Jun 2022	BY CLEARING / CHEQUE-CBI   600016051-022031 600002332--22031	 / 22031	10395	 	22,331.00	8,33,383.01
21 Jun 2022	21 Jun 2022	   OUT-CHQ RETURN-01Funds Insufficienttedt as per mandateaper againr--	 / 	10395	22,331.00	 	8,11,052.01
21 Jun 2022	21 Jun 2022	cheque returned charges---22031	 / 22031	10395	295.00	 	8,10,757.01
22 Jun 2022	22 Jun 2022	TO CLEARING-HDF   GOELCERAMICS--250749	 / 250749	10395	3,127.00	 	8,07,630.01
22 Jun 2022	22 Jun 2022	   BULK POSTING-CR_TAMILNADU SANITARY STO     05549442        2106--	 / 	16899	 	1,600.00	8,09,230.01
22 Jun 2022	22 Jun 2022	CASH CHEQUE-CASH WITHDRAWAL BY CHQ--250752	 / 250752	40236	10,000.00	 	7,99,230.01
22 Jun 2022	22 Jun 2022	CHEQUE WDL-CHEQUE TRANSFER TO--250751	TRANSFER FROM 20038598235                         Mr. ABBAS  HATIMBHOY K / 250751	40236	33,000.00	 	7,66,230.01
22 Jun 2022	22 Jun 2022	   TO TRANSFER-INB ICICI_CC Payments--	WSBI1230661905CHJ7362293               TRANSFER TO 3199592162093 / 	99922	4,101.00	 	7,62,129.01
22 Jun 2022	22 Jun 2022	   BY TRANSFER-NEFT*ICIC0SF0002*427313002*NIRMALA SOOSAIMUTHU*Pal--	TRANSFER FROM 3199419044300 / 	4430	 	2,800.00	7,64,929.01
23 Jun 2022	23 Jun 2022	   BULK POSTING-CR_TAMILNADU SANITARY STO     05548442        2206--	 / 	16899	 	3,315.75	7,68,244.76
23 Jun 2022	23 Jun 2022	   BULK POSTING-CR_TAMILNADU SANITARY STO     05549442        2206--	 / 	16899	 	30,800.00	7,99,044.76
23 Jun 2022	23 Jun 2022	   BY TRANSFER-UPI/CR/217445905106/REVATHI A/HDFC/edwinrevat/soap--	TRANSFER FROM 5099102162097 / 	40236	 	740.00	7,99,784.76
23 Jun 2022	23 Jun 2022	BY CLEARING / CHEQUE-FBL   600049005-215175 600002332--215175	 / 215175	10395	 	23,360.00	8,23,144.76
23 Jun 2022	23 Jun 2022	   CASH DEPOSIT-CASH DEPOSIT SELF--	 / 	40236	 	56,000.00	8,79,144.76
23 Jun 2022	23 Jun 2022	   BY TRANSFER-INB IMPS217416665672/9840904580/XX0072/--	MAC001014133853          MAC001014133853          TRANSFER FROM 4597947162094 / 	99922	 	21,500.00	9,00,644.76
24 Jun 2022	24 Jun 2022	   BULK POSTING-CR_TAMILNADU SANITARY STO     05549442        2306--	 / 	16899	 	2,611.96	9,03,256.72
25 Jun 2022	25 Jun 2022	   BULK POSTING-CR_TAMILNADU SANITARY STO     05548442        2406--	 / 	16899	 	1,468.50	9,04,725.22
25 Jun 2022	25 Jun 2022	   TO TRANSFER-INB NEFT UTR NO: SBIN522176561373--GUPTA SALES CORPORATION	NEFT INB: CNABZZQTM9                              TRANSFER TO 4899157044304 / GUPTA SALES CORPORATION	99922	4,344.00	 	9,00,381.22
25 Jun 2022	25 Jun 2022	   TO TRANSFER-INB NEFT UTR NO: SBIN522176561715--AJANTHA BATHROOM PRODUCTS AND PIPES	NEFT INB: CNABZZQTV1                              TRANSFER TO 4899157044304 / AJANTHA BATHROOM PRODUCTS AND PIPES	99922	10,048.00	 	8,90,333.22
25 Jun 2022	25 Jun 2022	   TO TRANSFER-INB NEFT UTR NO: SBIN522176562651--Shabbir Sanitary Stores	NEFT INB: CNABZZQVE2                              TRANSFER TO 4899157044304 / Shabbir Sanitary Stores	99922	10,000.00	 	8,80,333.22
25 Jun 2022	25 Jun 2022	   TO TRANSFER-INB NEFT UTR NO: SBIN522176561914--K M CERAMICS	NEFT INB: CNABZZQXD0                              TRANSFER TO 4899157044304 / K M CERAMICS	99922	18,600.00	 	8,61,733.22
25 Jun 2022	25 Jun 2022	   TO TRANSFER-INB NEFT UTR NO: SBIN522176562837--NOBEL TILES WORLD	NEFT INB: CNABZZQXJ5                              TRANSFER TO 4899157044304 / NOBEL TILES WORLD	99922	6,230.00	 	8,55,503.22
25 Jun 2022	25 Jun 2022	   TO TRANSFER-INB NEFT UTR NO: SBIN522176564222--SHYAMS ENTERPRISES	NEFT INB: CNABZZRAE4                              TRANSFER TO 4899157044304 / SHYAMS ENTERPRISES	99922	12,038.00	 	8,43,465.22
25 Jun 2022	25 Jun 2022	   TO TRANSFER-INB NEFT UTR NO: SBIN522176564789--MANGALAM SANITARY	NEFT INB: CNABZZRAP4                              TRANSFER TO 4899157044304 / MANGALAM SANITARY	99922	10,000.00	 	8,33,465.22
25 Jun 2022	25 Jun 2022	   TO TRANSFER-INB NEFT UTR NO: SBIN522176564897--K N Industries	NEFT INB: CNABZZRAW1                              TRANSFER TO 4899157044304 / K N Industries	99922	10,000.00	 	8,23,465.22
25 Jun 2022	25 Jun 2022	   TO TRANSFER-INB NEFT UTR NO: SBIN522176565327--Sattar Sanitary Stores	NEFT INB: CNABZZRCU4                              TRANSFER TO 4899157044304 / Sattar Sanitary Stores	99922	17,551.00	 	8,05,914.22
25 Jun 2022	25 Jun 2022	   TO TRANSFER-INB NEFT UTR NO: SBIN522176566798--Sattar Sanitary Stores	NEFT INB: CNABZZRDK2                              TRANSFER TO 4899157044304 / Sattar Sanitary Stores	99922	9,622.00	 	7,96,292.22
25 Jun 2022	25 Jun 2022	   BY TRANSFER-UPI/CR/217615491141/THALLA  /SBIN/thallauday/UPI--	TRANSFER FROM 4693553162090 / 	40326	 	300.00	7,96,592.22
25 Jun 2022	25 Jun 2022	   TO TRANSFER-INB NEFT UTR NO: SBIN522176567704--D S Associates	NEFT INB: CNABZZRED0                              TRANSFER TO 4899157044304 / D S Associates	99922	4,552.00	 	7,92,040.22
25 Jun 2022	25 Jun 2022	   TO TRANSFER-INB NEFT UTR NO: SBIN522176568684--D S Associates	NEFT INB: CNABZZREJ7                              TRANSFER TO 4899157044304 / D S Associates	99922	12,284.00	 	7,79,756.22
25 Jun 2022	25 Jun 2022	   TO TRANSFER-INB NEFT UTR NO: SBIN522176568886--D S Associates	NEFT INB: CNABZZRGL0                              TRANSFER TO 4899157044304 / D S Associates	99922	20,000.00	 	7,59,756.22
25 Jun 2022	25 Jun 2022	   TO TRANSFER-INB NEFT UTR NO: SBIN522176570200--Andavar Marketing PVT LTD	NEFT INB: CNABZZRGV6                              TRANSFER TO 4899157044304 / Andavar Marketing PVT LTD	99922	16,051.00	 	7,43,705.22
27 Jun 2022	27 Jun 2022	TO CLEARING-CAB   TANGEDCO SE CEDC CENTRAL--250753	 / 250753	10395	4,661.00	 	7,39,044.22
27 Jun 2022	27 Jun 2022	   BULK POSTING-CR_TAMILNADU SANITARY STO     05549442        2506--	 / 	16899	 	23,466.26	7,62,510.48
27 Jun 2022	27 Jun 2022	   BULK POSTING-CR_TAMILNADU SANITARY STO     05548442        2606--	 / 	16899	 	20,284.58	7,82,795.06
27 Jun 2022	27 Jun 2022	CHEQUE WDL-CHEQUE TRANSFER TO--250750	TRANSFER FROM 64101760325                         SRI VEERALAKSHMI PLYWO / 250750	40236	3,000.00	 	7,79,795.06
27 Jun 2022	27 Jun 2022	   BY TRANSFER-NEFT*ICIC0SF0002*28243227811DC*KRISHNA ENTERPRISES--	TRANSFER FROM 3199957044306 / 	4430	 	1,790.00	7,81,585.06
28 Jun 2022	28 Jun 2022	   BULK POSTING-CR_TAMILNADU SANITARY STO     05548442        2706--	 / 	16899	 	5,300.00	7,86,885.06
28 Jun 2022	28 Jun 2022	   BULK POSTING-CR_TAMILNADU SANITARY STO     05549442        2706--	 / 	16899	 	2,427.92	7,89,312.98
28 Jun 2022	28 Jun 2022	   CASH DEPOSIT-CASH DEPOSIT SELF--	 / 	40236	 	1,05,500.00	8,94,812.98
28 Jun 2022	28 Jun 2022	BY CLEARING / CHEQUE-KBL   600052006-937135 600002332--937135	 / 937135	10395	 	3,000.00	8,97,812.98
28 Jun 2022	28 Jun 2022	   BY TRANSFER-NEFT*ICIC0SF0002*28255537781DC*KRISHNA ENTERPRISES--	TRANSFER FROM 3199958044305 / 	4430	 	340.00	8,98,152.98
28 Jun 2022	28 Jun 2022	   TO TRANSFER-INB NEFT UTR NO: SBIN222179168556--G Shanmugam Traders	NEFT INB: CNACABSGX2                              TRANSFER TO 4899157044304 / G Shanmugam Traders	99922	1,982.00	 	8,96,170.98
28 Jun 2022	28 Jun 2022	   TO TRANSFER-INB NEFT UTR NO: SBIN222179175311--GOEL CERAMICS	NEFT INB: CNACABSIY9                              TRANSFER TO 4899157044304 / GOEL CERAMICS	99922	9,381.00	 	8,86,789.98
28 Jun 2022	28 Jun 2022	   TO TRANSFER-INB NEFT UTR NO: SBIN222179176644--K M CERAMICS	NEFT INB: CNACABSLL2                              TRANSFER TO 4899157044304 / K M CERAMICS	99922	17,330.00	 	8,69,459.98
28 Jun 2022	28 Jun 2022	   TO TRANSFER-INB NEFT UTR NO: SBIN222179177660--NOBEL TILES WORLD	NEFT INB: CNACABSMC5                              TRANSFER TO 4899157044304 / NOBEL TILES WORLD	99922	4,180.00	 	8,65,279.98
28 Jun 2022	28 Jun 2022	   TO TRANSFER-INB NEFT UTR NO: SBIN222179182320--Hussain Sanitary Stores	NEFT INB: CNACABSNL2                              TRANSFER TO 4899157044304 / Hussain Sanitary Stores	99922	12,810.00	 	8,52,469.98
28 Jun 2022	28 Jun 2022	   TO TRANSFER-INB NEFT UTR NO: SBIN222179185542--SRI KRISHNA DISTRIBUTORS	NEFT INB: CNACABSPF1                              TRANSFER TO 4899157044304 / SRI KRISHNA DISTRIBUTORS	99922	6,691.00	 	8,45,778.98
28 Jun 2022	28 Jun 2022	   TO TRANSFER-INB NEFT UTR NO: SBIN222179188747--National Ceramic Centre	NEFT INB: CNACABSRC0                              TRANSFER TO 4899157044304 / National Ceramic Centre	99922	2,100.00	 	8,43,678.98
28 Jun 2022	28 Jun 2022	   TO TRANSFER-INB NEFT UTR NO: SBIN222179189730--ARUNKUMAR MANOHARAN	NEFT INB: CNACABSSL3                              TRANSFER TO 4899157044304 / ARUNKUMAR MANOHARAN	99922	5,000.00	 	8,38,678.98
29 Jun 2022	29 Jun 2022	   BY TRANSFER-NEFT*UTIB0000014*AXMB221800539101*GOVIND BALASUBRA--	TRANSFER FROM 3199416044303 / 	4430	 	3,000.00	8,41,678.98
29 Jun 2022	29 Jun 2022	   BULK POSTING-CR_TAMILNADU SANITARY STO     05548442        2806--	 / 	16899	 	13,165.47	8,54,844.45
29 Jun 2022	29 Jun 2022	   BULK POSTING-CR_TAMILNADU SANITARY STO     05549442        2806--	 / 	16899	 	4,869.84	8,59,714.29
30 Jun 2022	30 Jun 2022	   BULK POSTING-CR_TAMILNADU SANITARY STO     05548442        2906--	 / 	16899	 	2,584.33	8,62,298.62
30 Jun 2022	30 Jun 2022	   BULK POSTING-CR_TAMILNADU SANITARY STO     05549442        2906--	 / 	16899	 	4,388.49	8,66,687.11
30 Jun 2022	30 Jun 2022	BY CLEARING / CHEQUE-PNB   600024036-617097 600002332--617097	 / 617097	10395	 	25,000.00	8,91,687.11
30 Jun 2022	30 Jun 2022	BY CLEARING / CHEQUE-PNB   600024036-617096 600002332--617096	 / 617096	10395	 	6,875.00	8,98,562.11
30 Jun 2022	30 Jun 2022	   BY TRANSFER-NEFT*ICIC0000009*CMS2674612107*THG PUBLISHING PVT--	TRANSFER FROM 3199957044306 / 	4430	 	9,820.00	9,08,382.11

**This is a computer generated statement and does not require a signature