Account Name       :                	TAMILNADU SANITARY STORES
Address            :	NO 143,  KUTCHERY ROAD,  MYLAPORE  Chennai
                                    	CHENNAI
                                    	TAMILNADU-600004
                                    	India
Date               :                	2 Feb 2023
Account Number     :	_00000030976446269
Account Description:	CA-REGULAR-PUB-OTH-ALL-INR
Branch             :	SANTHOME
Drawing Power      :	0.00
Interest Rate(% p.a.):	0.0
MOD Balance      :	0.00
CIF No.          :	_85676868920
IFS Code         :	SBIN0040236
MICR Code        :	_600002332
Balance on 1 Jan 2023        :	5,98,567.73
Start Date          :	1 Jan 2023
End Date            :	31 Jan 2023
Txn Date	Value Date	Description	Ref No./Cheque No.	Branch Code	        Debit	Credit	Balance	
2 Jan 2023	2 Jan 2023	   BULK POSTING-CR_TAMILNADU SANITARY STO     05548442        3112--	 / 	16899	 	720.00	5,99,287.73
2 Jan 2023	2 Jan 2023	BY CLEARING / CHEQUE-CBI   600016003-151221 600002332--151221	 / 151221	10395	 	3,980.00	6,03,267.73
3 Jan 2023	3 Jan 2023	TO CLEARING-KVB   PRESENCIA--156112	 / 156112	10395	7,273.00	 	5,95,994.73
3 Jan 2023	3 Jan 2023	   BULK POSTING-CR_TAMILNADU SANITARY STO     05548442        0201--	 / 	16899	 	2,340.53	5,98,335.26
3 Jan 2023	3 Jan 2023	   CASH DEPOSIT-CASH DEPOSIT SELF--	 / 	40236	 	17,500.00	6,15,835.26
3 Jan 2023	3 Jan 2023	CHEQUE WDL-CHEQUE TRANSFER TO--156113	TRANSFER FROM 20038598235                         Mr. ABBAS  HATIMBHOY K / 156113	40236	15,000.00	 	6,00,835.26
4 Jan 2023	4 Jan 2023	TO CLEARING-FBL   NATIONALTILES--156110	 / 156110	10395	29,321.00	 	5,71,514.26
5 Jan 2023	5 Jan 2023	   BY TRANSFER-UPI/CR/300521890778/RAM PRAS/KVBL/ramneyo1@o/tiles--	TRANSFER FROM 4693371162097 / 	40226	 	3,900.00	5,75,414.26
5 Jan 2023	5 Jan 2023	   BY TRANSFER-UPI/CR/300537073970/RAM PRAS/KVBL/ramneyo1@o/UPI--	TRANSFER FROM 5098499162090 / 	40226	 	225.00	5,75,639.26
6 Jan 2023	6 Jan 2023	   CASH DEPOSIT-CASH DEPOSIT SELF--	 / 	40236	 	1,00,500.00	6,76,139.26
6 Jan 2023	6 Jan 2023	   TO TRANSFER-INB NEFT UTR NO: SBIN423006207331--Andavar Marketing PVT LTD	NEFT INB: CNACGYWYZ2                              TRANSFER TO 4899157044304 / Andavar Marketing PVT LTD	99922	2,290.00	 	6,73,849.26
6 Jan 2023	6 Jan 2023	   TO TRANSFER-INB Payment towards Invoice/Bill--	CTV3531869               TRANSFER TO 32423647359                           ARAVIND CERAMICS PRIVA / 	99922	16,530.00	 	6,57,319.26
6 Jan 2023	6 Jan 2023	   TO TRANSFER-INB NEFT UTR NO: SBIN423006208416--NOBEL TILES WORLD	NEFT INB: CNACGYXDG2                              TRANSFER TO 4899157044304 / NOBEL TILES WORLD	99922	25,000.00	 	6,32,319.26
6 Jan 2023	6 Jan 2023	   TO TRANSFER-INB Payment towards Invoice/Bill--	CTV3532463               TRANSFER TO 57002369188                           NELLAI CERAMIC CENTRE / 	99922	8,411.00	 	6,23,908.26
6 Jan 2023	6 Jan 2023	   BULK POSTING-CR_TAMILNADU SANITARY STO     05548442        0501--	 / 	16899	 	15,408.48	6,39,316.74
6 Jan 2023	6 Jan 2023	   BULK POSTING-CR_TAMILNADU SANITARY STO     05549442        0501--	 / 	16899	 	32,154.85	6,71,471.59
6 Jan 2023	6 Jan 2023	BY CLEARING / CHEQUE-KCU   600054002-245682 600002332--245682	 / 245682	10395	 	1,250.00	6,72,721.59
7 Jan 2023	7 Jan 2023	TO CLEARING-HDF   ARUNKUMARMANOHARAN--156109	 / 156109	10395	15,000.00	 	6,57,721.59
7 Jan 2023	7 Jan 2023	   TO TRANSFER-INB NEFT UTR NO: SBIN123007086875--D S Associates	NEFT INB: CNACHAFJX9                              TRANSFER TO 4899157044304 / D S Associates	99922	12,175.00	 	6,45,546.59
7 Jan 2023	7 Jan 2023	   TO TRANSFER-INB NEFT UTR NO: SBIN123007087831--D S Associates	NEFT INB: CNACHAFKE8                              TRANSFER TO 4899157044304 / D S Associates	99922	21,011.00	 	6,24,535.59
7 Jan 2023	7 Jan 2023	   TO TRANSFER-INB NEFT UTR NO: SBIN123007088265--Sattar Sanitary Stores	NEFT INB: CNACHAFLR4                              TRANSFER TO 4899157044304 / Sattar Sanitary Stores	99922	9,342.00	 	6,15,193.59
7 Jan 2023	7 Jan 2023	   TO TRANSFER-INB NEFT UTR NO: SBIN123007088763--SRI KRISHNA DISTRIBUTORS	NEFT INB: CNACHAFMU2                              TRANSFER TO 4899157044304 / SRI KRISHNA DISTRIBUTORS	99922	8,046.00	 	6,07,147.59
7 Jan 2023	7 Jan 2023	   TO TRANSFER-INB NEFT UTR NO: SBIN123007090466--SRI SENI Enterprises	NEFT INB: CNACHAFOM6                              TRANSFER TO 4899157044304 / SRI SENI Enterprises	99922	20,484.00	 	5,86,663.59
7 Jan 2023	7 Jan 2023	   TO TRANSFER-INB NEFT UTR NO: SBIN123007091945--PRECI TECH PLASTICS	NEFT INB: CNACHAFOY3                              TRANSFER TO 4899157044304 / PRECI TECH PLASTICS	99922	11,266.00	 	5,75,397.59
7 Jan 2023	7 Jan 2023	   TO TRANSFER-INB NEFT UTR NO: SBIN123007093257--PROVIDENT MARKETING	NEFT INB: CNACHAFQF6                              TRANSFER TO 4899157044304 / PROVIDENT MARKETING	99922	5,169.00	 	5,70,228.59
7 Jan 2023	7 Jan 2023	   TO TRANSFER-INB NEFT UTR NO: SBIN123007096083--SHYAMS ENTERPRISES	NEFT INB: CNACHAFRP4                              TRANSFER TO 4899157044304 / SHYAMS ENTERPRISES	99922	2,201.00	 	5,68,027.59
7 Jan 2023	7 Jan 2023	   TO TRANSFER-INB NEFT UTR NO: SBIN123007096320--MANGALAM SANITARY	NEFT INB: CNACHAFRV9                              TRANSFER TO 4899157044304 / MANGALAM SANITARY	99922	5,428.00	 	5,62,599.59
7 Jan 2023	7 Jan 2023	   TO TRANSFER-INB NEFT UTR NO: SBIN123007099264--Super Trading Corporation	NEFT INB: CNACHAFSA8                              TRANSFER TO 4899157044304 / Super Trading Corporation	99922	5,693.00	 	5,56,906.59
7 Jan 2023	7 Jan 2023	   TO TRANSFER-INB NEFT UTR NO: SBIN123007100740--Oriental Trading Co	NEFT INB: CNACHAFSP9                              TRANSFER TO 4899157044304 / Oriental Trading Co	99922	5,750.00	 	5,51,156.59
7 Jan 2023	7 Jan 2023	   TO TRANSFER-INB Salary Payment--	CTV3735964               TRANSFER TO 32950808735                           Mr. KASI  R / 	99922	17,000.00	 	5,34,156.59
7 Jan 2023	7 Jan 2023	   TO TRANSFER-INB Salary Payment--	CTV3735863               TRANSFER TO 32950808735                           Mr. KASI  R / 	99922	15,000.00	 	5,19,156.59
7 Jan 2023	7 Jan 2023	   BULK POSTING-CR_TAMILNADU SANITARY STO     05548442        0601--	 / 	16899	 	36,879.81	5,56,036.40
7 Jan 2023	7 Jan 2023	   TO TRANSFER-INB ICICI_CC Payments--	YSBI1662587243CHL4199801               TRANSFER TO 3199613162094 / 	99922	8,650.00	 	5,47,386.40
7 Jan 2023	7 Jan 2023	   BY TRANSFER-NEFT*KVBL0002101*N007230177750328*SMKENTERPRISES*M--	TRANSFER FROM 3199675044306 / 	4430	 	27,200.00	5,74,586.40
8 Jan 2023	8 Jan 2023	   TO TRANSFER-INB NEFT UTR NO: SBIN223008321635--FRIENDLY SERVICES	NEFT INB: CNACHBLOV2                              TRANSFER TO 4899157044304 / FRIENDLY SERVICES	99922	3,698.00	 	5,70,888.40
8 Jan 2023	8 Jan 2023	   TO TRANSFER-INB NEFT UTR NO: SBIN223008322333--Andavar Marketing PVT LTD	NEFT INB: CNACHBLNR2                              TRANSFER TO 4899157044304 / Andavar Marketing PVT LTD	99922	2,460.00	 	5,68,428.40
8 Jan 2023	8 Jan 2023	   TO TRANSFER-INB NEFT UTR NO: SBIN223008321261--NOBEL TILES WORLD	NEFT INB: CNACHBLPL2                              TRANSFER TO 4899157044304 / NOBEL TILES WORLD	99922	25,000.00	 	5,43,428.40
8 Jan 2023	8 Jan 2023	   TO TRANSFER-INB NEFT UTR NO: SBIN223008322645--TRISHLA AGENCIES	NEFT INB: CNACHBLPP3                              TRANSFER TO 4899157044304 / TRISHLA AGENCIES	99922	1,614.00	 	5,41,814.40
8 Jan 2023	8 Jan 2023	   TO TRANSFER-INB NEFT UTR NO: SBIN223008322724--TRISHLA CORPORATION	NEFT INB: CNACHBLQZ4                              TRANSFER TO 4899157044304 / TRISHLA CORPORATION	99922	4,746.00	 	5,37,068.40
8 Jan 2023	8 Jan 2023	   TO TRANSFER-INB NEFT UTR NO: SBIN223008321956--JAI GURUJI SANITTAION	NEFT INB: CNACHBLRD4                              TRANSFER TO 4899157044304 / JAI GURUJI SANITTAION	99922	5,000.00	 	5,32,068.40
9 Jan 2023	9 Jan 2023	   BULK POSTING-CR_TAMILNADU SANITARY STO     05548442        0701--	 / 	16899	 	7,905.15	5,39,973.55
9 Jan 2023	9 Jan 2023	   BULK POSTING-CR_TAMILNADU SANITARY STO     05548442        0801--	 / 	16899	 	600.00	5,40,573.55
10 Jan 2023	10 Jan 2023	BY CLEARING / CHEQUE-KVB   600053055-000210 600002332--210	 / 210	10395	 	1,25,000.00	6,65,573.55
10 Jan 2023	10 Jan 2023	BY CLEARING / CHEQUE-INB   600019035-801321 600002332--801321	 / 801321	10395	 	20,000.00	6,85,573.55
11 Jan 2023	11 Jan 2023	   CASH DEPOSIT-CASH DEPOSIT SELF--	 / 	40236	 	65,000.00	7,50,573.55
12 Jan 2023	12 Jan 2023	   TO TRANSFER-INB NEFT UTR NO: SBIN123012130924--Shri Krishna Enterprises	NEFT INB: CNACHFSWK4                              TRANSFER TO 4899157044304 / Shri Krishna Enterprises	99922	7,210.00	 	7,43,363.55
12 Jan 2023	12 Jan 2023	   TO TRANSFER-INB NEFT UTR NO: SBIN123012131757--MANGALAM SANITARY	NEFT INB: CNACHFSVM7                              TRANSFER TO 4899157044304 / MANGALAM SANITARY	99922	5,039.00	 	7,38,324.55
12 Jan 2023	12 Jan 2023	   TO TRANSFER-INB NEFT UTR NO: SBIN123012132626--RAAJ agency	NEFT INB: CNACHFSXH0                              TRANSFER TO 4899157044304 / RAAJ agency	99922	6,071.00	 	7,32,253.55
12 Jan 2023	12 Jan 2023	   TO TRANSFER-INB NEFT UTR NO: SBIN123012131394--GUPTA SALES CORPORATION	NEFT INB: CNACHFSXL8                              TRANSFER TO 4899157044304 / GUPTA SALES CORPORATION	99922	6,532.00	 	7,25,721.55
12 Jan 2023	12 Jan 2023	   TO TRANSFER-INB NEFT UTR NO: SBIN123012132896--Annam Enterprises	NEFT INB: CNACHFSYI6                              TRANSFER TO 4899157044304 / Annam Enterprises	99922	7,809.00	 	7,17,912.55
12 Jan 2023	12 Jan 2023	   TO TRANSFER-INB NEFT UTR NO: SBIN123012133202--Shabbir Sanitary Stores	NEFT INB: CNACHFSZH4                              TRANSFER TO 4899157044304 / Shabbir Sanitary Stores	99922	6,004.00	 	7,11,908.55
12 Jan 2023	12 Jan 2023	   TO TRANSFER-INB NEFT UTR NO: SBIN123012135105--SRI SENI Enterprises	NEFT INB: CNACHFSZS1                              TRANSFER TO 4899157044304 / SRI SENI Enterprises	99922	21,413.00	 	6,90,495.55
12 Jan 2023	12 Jan 2023	   TO TRANSFER-INB NEFT UTR NO: SBIN123012135218--Sattar Sanitary Stores	NEFT INB: CNACHFTBJ9                              TRANSFER TO 4899157044304 / Sattar Sanitary Stores	99922	8,446.00	 	6,82,049.55
12 Jan 2023	12 Jan 2023	   TO TRANSFER-INB NEFT UTR NO: SBIN123012134914--D S Associates	NEFT INB: CNACHFTCR3                              TRANSFER TO 4899157044304 / D S Associates	99922	24,248.00	 	6,57,801.55
12 Jan 2023	12 Jan 2023	   TO TRANSFER-INB NEFT UTR NO: SBIN123012136072--NOBEL TILES WORLD	NEFT INB: CNACHFTCK8                              TRANSFER TO 4899157044304 / NOBEL TILES WORLD	99922	5,600.00	 	6,52,201.55
12 Jan 2023	12 Jan 2023	   TO TRANSFER-INB NEFT UTR NO: SBIN123012136185--NOBEL TILES WORLD	NEFT INB: CNACHFTEW5                              TRANSFER TO 4899157044304 / NOBEL TILES WORLD	99922	10,690.00	 	6,41,511.55
12 Jan 2023	12 Jan 2023	   TO TRANSFER-INB NEFT UTR NO: SBIN123012136845--Andavar Marketing PVT LTD	NEFT INB: CNACHFTEN4                              TRANSFER TO 4899157044304 / Andavar Marketing PVT LTD	99922	20,000.00	 	6,21,511.55
12 Jan 2023	12 Jan 2023	   TO TRANSFER-INB Payment towards Invoice/Bill--	CTV4420185               TRANSFER TO 32818937606                           GOLDEN HARDWARE CENTRE / 	99922	3,829.00	 	6,17,682.55
12 Jan 2023	12 Jan 2023	   TO TRANSFER-INB NEFT UTR NO: SBIN123012140455--K M CERAMICS	NEFT INB: CNACHFTID2                              TRANSFER TO 4899157044304 / K M CERAMICS	99922	10,800.00	 	6,06,882.55
12 Jan 2023	12 Jan 2023	   TO TRANSFER-INB NEFT UTR NO: SBIN123012138665--LEGEND	NEFT INB: CNACHFTIR4                              TRANSFER TO 4899157044304 / LEGEND	99922	2,293.00	 	6,04,589.55
13 Jan 2023	13 Jan 2023	TO CLEARING-TMB   HAPPY ZONE HEALTH STORE--156116	 / 156116	10395	1,365.00	 	6,03,224.55
13 Jan 2023	13 Jan 2023	   DEBIT-PoS Rent for TID-05548442-Dec'22--	 / 	16899	411.82	 	6,02,812.73
13 Jan 2023	13 Jan 2023	BY CLEARING / CHEQUE-KCU   600054035-000141 600002332--141	 / 141	10395	 	3,400.00	6,06,212.73
13 Jan 2023	13 Jan 2023	   BY TRANSFER-NEFT*ICIC0000009*CMS3066173010*THG PUBLISHING PVT--	TRANSFER FROM 3199683044306 / 	4430	 	9,993.00	6,16,205.73
14 Jan 2023	14 Jan 2023	   BULK POSTING-CR_TAMILNADU SANITARY STO     05548442        1301--	 / 	16899	 	2,000.00	6,18,205.73
14 Jan 2023	14 Jan 2023	   BULK POSTING-CR_TAMILNADU SANITARY STO     05549442        1301--	 / 	16899	 	7,869.01	6,26,074.74
15 Jan 2023	15 Jan 2023	   TO TRANSFER-INB NEFT UTR NO: SBIN323015838295--Andavar Marketing PVT LTD	NEFT INB: CNACHISCR4                              TRANSFER TO 4899157044304 / Andavar Marketing PVT LTD	99922	3,531.00	 	6,22,543.74
15 Jan 2023	15 Jan 2023	   TO TRANSFER-INB--	112767730686CHL4932219               TRANSFER TO 4599240162090 / 	99922	1,060.82	 	6,21,482.92
16 Jan 2023	16 Jan 2023	   TO TRANSFER-INB NEFT UTR NO: SBIN423016066623--NOBEL TILES WORLD	NEFT INB: CNACHJAFQ8                              TRANSFER TO 4899157044304 / NOBEL TILES WORLD	99922	25,000.00	 	5,96,482.92
16 Jan 2023	16 Jan 2023	   BULK POSTING-CR_TAMILNADU SANITARY STO     05548442        1401--	 / 	16899	 	12,624.48	6,09,107.40
16 Jan 2023	16 Jan 2023	   BULK POSTING-CR_TAMILNADU SANITARY STO     05549442        1401--	 / 	16899	 	10,434.85	6,19,542.25
17 Jan 2023	17 Jan 2023	   BULK POSTING-CR_TAMILNADU SANITARY STO     05548442        1601--	 / 	16899	 	1,400.00	6,20,942.25
18 Jan 2023	18 Jan 2023	   CASH DEPOSIT-CASH DEPOSIT SELF--	 / 	40236	 	61,500.00	6,82,442.25
18 Jan 2023	18 Jan 2023	   TO TRANSFER-INB NEFT UTR NO: SBIN123018331016--Andavar Marketing PVT LTD	NEFT INB: CNACHLLMC9                              TRANSFER TO 4899157044304 / Andavar Marketing PVT LTD	99922	840.00	 	6,81,602.25
19 Jan 2023	19 Jan 2023	   BULK POSTING-CR_TAMILNADU SANITARY STO     05548442        1801--	 / 	16899	 	43,516.53	7,25,118.78
19 Jan 2023	19 Jan 2023	   BULK POSTING-CR_TAMILNADU SANITARY STO     05549442        1801--	 / 	16899	 	1,125.85	7,26,244.63
19 Jan 2023	19 Jan 2023	BY CLEARING / CHEQUE-GPO   600111006-577838 600002332--577838	 / 577838	10395	 	2,450.00	7,28,694.63
19 Jan 2023	19 Jan 2023	   BY TRANSFER-NEFT*KVBL0002101*N019230178887381*SMKENTERPRISES*m--	TRANSFER FROM 3199967044305 / 	4430	 	11,900.00	7,40,594.63
20 Jan 2023	20 Jan 2023	   BULK POSTING-CR_TAMILNADU SANITARY STO     05548442        1901--	 / 	16899	 	7,433.09	7,48,027.72
20 Jan 2023	20 Jan 2023	   BULK POSTING-CR_TAMILNADU SANITARY STO     05549442        1901--	 / 	16899	 	2,228.50	7,50,256.22
20 Jan 2023	20 Jan 2023	CHEQUE WDL-CHEQUE TRANSFER TO--156118	TRANSFER FROM 32818937606                         GOLDEN HARDWARE CENTRE / 156118	40236	7,350.00	 	7,42,906.22
20 Jan 2023	20 Jan 2023	   BY TRANSFER-NEFT*IDIB000M047*IDIBH23020236232*BSS*/ATTN/B.S.S.--	TRANSFER FROM 3199678044303 / 	4430	 	7,420.00	7,50,326.22
20 Jan 2023	20 Jan 2023	   TO TRANSFER-INB--	23013300398542CKV9770384               TRANSFER TO 36959656738                           POOLING ACCOUNT GST-MM / 	99922	52,408.00	 	6,97,918.22
20 Jan 2023	20 Jan 2023	   TO TRANSFER-INB NEFT UTR NO: SBIN323020666156--D S Associates	NEFT INB: CNACHNTLI9                              TRANSFER TO 4899157044304 / D S Associates	99922	29,064.00	 	6,68,854.22
20 Jan 2023	20 Jan 2023	   TO TRANSFER-INB NEFT UTR NO: SBIN323020669320--SRI SENI Enterprises	NEFT INB: CNACHNTMW9                              TRANSFER TO 4899157044304 / SRI SENI Enterprises	99922	22,295.00	 	6,46,559.22
20 Jan 2023	20 Jan 2023	   TO TRANSFER-INB NEFT UTR NO: SBIN323020673330--Shabbir Sanitary Stores	NEFT INB: CNACHNTPJ1                              TRANSFER TO 4899157044304 / Shabbir Sanitary Stores	99922	4,366.00	 	6,42,193.22
20 Jan 2023	20 Jan 2023	   TO TRANSFER-INB NEFT UTR NO: SBIN323020676178--SHYAMS ENTERPRISES	NEFT INB: CNACHNTRH4                              TRANSFER TO 4899157044304 / SHYAMS ENTERPRISES	99922	7,305.00	 	6,34,888.22
20 Jan 2023	20 Jan 2023	   TO TRANSFER-INB NEFT UTR NO: SBIN323020678041--Lakshmi Hayagrivaa Maarketing	NEFT INB: CNACHNTRP8                              TRANSFER TO 4899157044304 / Lakshmi Hayagrivaa Maarketing	99922	6,000.00	 	6,28,888.22
20 Jan 2023	20 Jan 2023	   TO TRANSFER-INB NEFT UTR NO: SBIN323020680013--GERMA Sanitarywares PVT LTD	NEFT INB: CNACHNTSM4                              TRANSFER TO 4899157044304 / GERMA Sanitarywares PVT LTD	99922	10,243.00	 	6,18,645.22
20 Jan 2023	20 Jan 2023	   TO TRANSFER-INB NEFT UTR NO: SBIN323020684243--Super Trading Corporation	NEFT INB: CNACHNTUB3                              TRANSFER TO 4899157044304 / Super Trading Corporation	99922	13,000.00	 	6,05,645.22
20 Jan 2023	20 Jan 2023	   TO TRANSFER-INB NEFT UTR NO: SBIN323020688502--NOBEL TILES WORLD	NEFT INB: CNACHNTWD6                              TRANSFER TO 4899157044304 / NOBEL TILES WORLD	99922	22,475.00	 	5,83,170.22
20 Jan 2023	20 Jan 2023	   TO TRANSFER-INB NEFT UTR NO: SBIN323020688315--NOBEL TILES WORLD	NEFT INB: CNACHNTXS3                              TRANSFER TO 4899157044304 / NOBEL TILES WORLD	99922	12,480.00	 	5,70,690.22
20 Jan 2023	20 Jan 2023	   TO TRANSFER-INB NEFT UTR NO: SBIN323020691196--AJANTHA BATHROOM PRODUCTS AND PIPES	NEFT INB: CNACHNTYX6                              TRANSFER TO 4899157044304 / AJANTHA BATHROOM PRODUCTS AND PIPES	99922	8,265.00	 	5,62,425.22
20 Jan 2023	20 Jan 2023	   TO TRANSFER-INB NEFT UTR NO: SBIN323020693712--JAI GURUJI SANITTAION	NEFT INB: CNACHNUAD7                              TRANSFER TO 4899157044304 / JAI GURUJI SANITTAION	99922	5,082.00	 	5,57,343.22
20 Jan 2023	20 Jan 2023	   TO TRANSFER-INB NEFT UTR NO: SBIN323020697124--PROVIDENT MARKETING	NEFT INB: CNACHNUCJ7                              TRANSFER TO 4899157044304 / PROVIDENT MARKETING	99922	6,503.00	 	5,50,840.22
20 Jan 2023	20 Jan 2023	   TO TRANSFER-INB Payment towards Invoice/Bill--	CTV5476274               TRANSFER TO 57002369188                           NELLAI CERAMIC CENTRE / 	99922	11,654.00	 	5,39,186.22
21 Jan 2023	21 Jan 2023	   BULK POSTING-CR_TAMILNADU SANITARY STO     05549442        2001--	 / 	16899	 	4,642.05	5,43,828.27
22 Jan 2023	22 Jan 2023	   TO TRANSFER-INB NEFT UTR NO: SBIN423022681231--NOBEL TILES WORLD	NEFT INB: CNACHOYUD0                              TRANSFER TO 4899157044304 / NOBEL TILES WORLD	99922	6,580.00	 	5,37,248.27
22 Jan 2023	22 Jan 2023	   TO TRANSFER-INB NEFT UTR NO: SBIN423022681445--SHYAMS ENTERPRISES	NEFT INB: CNACHOYUG1                              TRANSFER TO 4899157044304 / SHYAMS ENTERPRISES	99922	9,000.00	 	5,28,248.27
22 Jan 2023	22 Jan 2023	   TO TRANSFER-INB NEFT UTR NO: SBIN423022682055--Andavar Marketing PVT LTD	NEFT INB: CNACHOYVW8                              TRANSFER TO 4899157044304 / Andavar Marketing PVT LTD	99922	1,375.00	 	5,26,873.27
22 Jan 2023	22 Jan 2023	   TO TRANSFER-INB NEFT UTR NO: SBIN423022682155--D S Associates	NEFT INB: CNACHOYVH2                              TRANSFER TO 4899157044304 / D S Associates	99922	15,000.00	 	5,11,873.27
22 Jan 2023	22 Jan 2023	   TO TRANSFER-INB NEFT UTR NO: SBIN423022682531--SRI SENI Enterprises	NEFT INB: CNACHOYWC9                              TRANSFER TO 4899157044304 / SRI SENI Enterprises	99922	15,000.00	 	4,96,873.27
23 Jan 2023	23 Jan 2023	TO CLEARING-FBL   NATIONALTILES--156114	 / 156114	10395	42,823.00	 	4,54,050.27
23 Jan 2023	23 Jan 2023	   BY TRANSFER-INB IMPS302310789170/9840904580/XX0072/--	MAD000224484320          MAD000224484320          TRANSFER FROM 4597932162091 / 	99922	 	36,770.00	4,90,820.27
23 Jan 2023	23 Jan 2023	   BULK POSTING-CR_TAMILNADU SANITARY STO     05549442        2201--	 / 	16899	 	1,872.48	4,92,692.75
23 Jan 2023	23 Jan 2023	BY CLEARING / CHEQUE-KVB   600053032-000394 600002332--394	 / 394	10395	 	2,710.00	4,95,402.75
24 Jan 2023	24 Jan 2023	TO CLEARING-DBS   NELLAI BATH WARE--156105	 / 156105	10395	5,017.00	 	4,90,385.75
24 Jan 2023	24 Jan 2023	   BULK POSTING-CR_TAMILNADU SANITARY STO     05549442        2301--	 / 	16899	 	7,192.79	4,97,578.54
24 Jan 2023	24 Jan 2023	   CASH DEPOSIT-CASH DEPOSIT SELF--	 / 	40236	 	79,000.00	5,76,578.54
25 Jan 2023	25 Jan 2023	   BULK POSTING-CR_TAMILNADU SANITARY STO     05548442        2401--	 / 	16899	 	1,958.00	5,78,536.54
26 Jan 2023	26 Jan 2023	   TO TRANSFER-INB NEFT UTR NO: SBIN223026852635--Andavar Marketing PVT LTD	NEFT INB: CNACHSIRJ3                              TRANSFER TO 4899157044304 / Andavar Marketing PVT LTD	99922	13,081.00	 	5,65,455.54
26 Jan 2023	26 Jan 2023	   TO TRANSFER-INB NEFT UTR NO: SBIN223026853512--TRISHLA CORPORATION	NEFT INB: CNACHSIRO0                              TRANSFER TO 4899157044304 / TRISHLA CORPORATION	99922	3,578.00	 	5,61,877.54
26 Jan 2023	26 Jan 2023	   TO TRANSFER-INB NEFT UTR NO: SBIN223026853994--NOBEL TILES WORLD	NEFT INB: CNACHSITU7                              TRANSFER TO 4899157044304 / NOBEL TILES WORLD	99922	2,920.00	 	5,58,957.54
26 Jan 2023	26 Jan 2023	   TO TRANSFER-INB NEFT UTR NO: SBIN223026854053--NOBEL TILES WORLD	NEFT INB: CNACHSIVM3                              TRANSFER TO 4899157044304 / NOBEL TILES WORLD	99922	20,000.00	 	5,38,957.54
26 Jan 2023	26 Jan 2023	   TO TRANSFER-INB NEFT UTR NO: SBIN223026854749--D S Associates	NEFT INB: CNACHSIVQ6                              TRANSFER TO 4899157044304 / D S Associates	99922	20,000.00	 	5,18,957.54
26 Jan 2023	26 Jan 2023	   TO TRANSFER-INB NEFT UTR NO: SBIN223026854169--SRI SENI Enterprises	NEFT INB: CNACHSIVW5                              TRANSFER TO 4899157044304 / SRI SENI Enterprises	99922	9,498.00	 	5,09,459.54
26 Jan 2023	26 Jan 2023	   TO TRANSFER-INB NEFT UTR NO: SBIN223026854988--Super Trading Corporation	NEFT INB: CNACHSIVJ2                              TRANSFER TO 4899157044304 / Super Trading Corporation	99922	10,000.00	 	4,99,459.54
26 Jan 2023	26 Jan 2023	   TO TRANSFER-INB NEFT UTR NO: SBIN223026856565--FRIENDLY SERVICES	NEFT INB: CNACHSIYM4                              TRANSFER TO 4899157044304 / FRIENDLY SERVICES	99922	3,534.00	 	4,95,925.54
27 Jan 2023	27 Jan 2023	TO CLEARING-KCU   LIC OF INDIA CBO 25 MYLA--156119	 / 156119	10395	1,668.00	 	4,94,257.54
27 Jan 2023	27 Jan 2023	   BULK POSTING-CR_TAMILNADU SANITARY STO     05549442        2601--	 / 	16899	 	4,642.05	4,98,899.59
27 Jan 2023	27 Jan 2023	   BY TRANSFER-UPI/CR/302712994537/KESAVAN  J/SBIN/kesavanj03/UPI--	TRANSFER FROM 4899362162096 / 	40236	 	13,200.00	5,12,099.59
27 Jan 2023	27 Jan 2023	   BY TRANSFER-NEFT*KVBL0002101*N027230180280309*SMKENTERPRISES*m--	TRANSFER FROM 3199959044304 / 	4430	 	2,100.00	5,14,199.59
29 Jan 2023	29 Jan 2023	   TO TRANSFER-INB NEFT UTR NO: SBIN423029297504--D S Associates	NEFT INB: CNACHUMIE5                              TRANSFER TO 4899157044304 / D S Associates	99922	14,687.00	 	4,99,512.59
29 Jan 2023	29 Jan 2023	   TO TRANSFER-INB NEFT UTR NO: SBIN423029297096--NOBEL TILES WORLD	NEFT INB: CNACHUMII4                              TRANSFER TO 4899157044304 / NOBEL TILES WORLD	99922	23,615.00	 	4,75,897.59
29 Jan 2023	29 Jan 2023	   TO TRANSFER-INB NEFT UTR NO: SBIN423029297146--NOBEL TILES WORLD	NEFT INB: CNACHUMIM6                              TRANSFER TO 4899157044304 / NOBEL TILES WORLD	99922	18,110.00	 	4,57,787.59
30 Jan 2023	30 Jan 2023	   BULK POSTING-CR_TAMILNADU SANITARY STO     05548442        2801--	 / 	16899	 	388.44	4,58,176.03
30 Jan 2023	30 Jan 2023	   BULK POSTING-CR_TAMILNADU SANITARY STO     05549442        2801--	 / 	16899	 	1,095.60	4,59,271.63
30 Jan 2023	30 Jan 2023	   BULK POSTING-CR_TAMILNADU SANITARY STO     05549442        2901--	 / 	16899	 	1,125.85	4,60,397.48
30 Jan 2023	30 Jan 2023	   BY TRANSFER-INB IMPS303013106211/9884450144/XX1481/--	MAC001184458459          MAC001184458459          TRANSFER FROM 4897948162096 / 	99922	 	4,510.00	4,64,907.48
30 Jan 2023	30 Jan 2023	   CASH DEPOSIT-CASH DEPOSIT SELF--	 / 	40236	 	92,500.00	5,57,407.48
30 Jan 2023	30 Jan 2023	   BY TRANSFER-NEFT*KVBL0002101*N030230180518151*SMKENTERPRISES*m--	TRANSFER FROM 3199962044300 / 	4430	 	900.00	5,58,307.48
31 Jan 2023	31 Jan 2023	   BULK POSTING-CR_TAMILNADU SANITARY STO     05548442        3001--	 / 	16899	 	1,096.48	5,59,403.96
31 Jan 2023	31 Jan 2023	BY CLEARING / CHEQUE-CBI   600016014-039569 600002332--39569	 / 39569	10395	 	23,764.00	5,83,167.96
31 Jan 2023	31 Jan 2023	   BY TRANSFER-NEFT*ICIC0099999*CMS3094510851*C R NARAYANA RAO CO--	TRANSFER FROM 3199682044307 / 	4430	 	21,290.00	6,04,457.96

**This is a computer generated statement and does not require a signature