Account Name       :                	Mr. J  PRABAHAR
Address            :	88/2 II FLOOR VELLALA ST
                                    	
                                    	PURASAWAKKAM-600084
                                    	Chennai
Date               :                	4 Apr 2023
Account Number     :	_00000020355782686
Account Description:	REGULAR SB CHQ-INDIVIDUALS
Branch             :	DR. ALAGAPPA ROAD CHENNAI
Drawing Power      :	0.00
Interest Rate(% p.a.):	2.7
MOD Balance      :	0.00
CIF No.          :	_88993238847
IFS (Indian Financial System) Code         :	SBIN0012746
MICR (Magnetic Ink Character Recognition)  Code        :	_600002171
Nomination Registered    :	Yes 
Balance on 1 Apr 2022        :	10,841.26
Start Date          :	1 Apr 2022
End Date            :	31 Mar 2023
Txn Date	Value Date	Description	Ref No./Cheque No.	        Debit	Credit	Balance	
18 Apr 2022	18 Apr 2022	   BY TRANSFER-INB IMPS210811558089/9444529166/XX1374/tax paymen--	MAE000095023021          MAE000095023021          	 	2,08,000.00	2,18,841.26
18 Apr 2022	18 Apr 2022	   TO TRANSFER-INB Tamil Nadu State Transpor--	15035366930IGANKCUEM4               TRANSFER TO 45	20,224.16	 	1,98,617.10
18 Apr 2022	18 Apr 2022	   TO TRANSFER-INB Tamil Nadu State Transpor--	15035391189IGANKCUND4               TRANSFER TO 45	16,184.16	 	1,82,432.94
18 Apr 2022	18 Apr 2022	   TO TRANSFER-INB Tamil Nadu State Transpor--	15035479505IGANKCXJT1               TRANSFER TO 45	17,194.16	 	1,65,238.78
18 Apr 2022	18 Apr 2022	   TO TRANSFER-INB Tamil Nadu State Transpor--	15035500391IGANKCYEZ5               TRANSFER TO 45	17,194.16	 	1,48,044.62
18 Apr 2022	18 Apr 2022	   TO TRANSFER-INB Tamil Nadu State Transpor--	15035515131IGANKCYNO0               TRANSFER TO 45	24,264.16	 	1,23,780.46
18 Apr 2022	18 Apr 2022	   TO TRANSFER-INB Tamil Nadu State Transpor--	15035532355IGANKCZAB4               TRANSFER TO 45	16,184.16	 	1,07,596.30
18 Apr 2022	18 Apr 2022	   TO TRANSFER-INB Tamil Nadu State Transpor--	15035545992IGANKCZRE9               TRANSFER TO 45	24,264.16	 	83,332.14
18 Apr 2022	18 Apr 2022	   TO TRANSFER-INB Tamil Nadu State Transpor--	15035560146IGANKDAFW1               TRANSFER TO 45	15,679.16	 	67,652.98
18 Apr 2022	18 Apr 2022	   TO TRANSFER-INB Tamil Nadu State Transpor--	15035592674IGANKDBDS3               TRANSFER TO 45	10,014.16	 	57,638.82
18 Apr 2022	18 Apr 2022	   TO TRANSFER-INB Tamil Nadu State Transpor--	15035612663IGANKDBVM4               TRANSFER TO 45	20,224.16	 	37,414.66
19 Apr 2022	19 Apr 2022	   TO TRANSFER-INB Tamil Nadu State Transpor--	15041166379IGANKIWEH8               TRANSFER TO 45	20,224.16	 	17,190.50
25 Jun 2022	25 Jun 2022	   CREDIT INTEREST---		 	108.00	17,298.50
30 Jun 2022	30 Jun 2022	   BY TRANSFER-UPI/CR/218119171509/SANGEETH/SBIN/9940994055/NA--	TRANSFER FROM 4693414162091	 	1.00	17,299.50
15 Jul 2022	15 Jul 2022	   BY TRANSFER-INB IMPS219612764066/9444529166/XX1374/tax paymen--	MAB001065174988          MAB001065174988          	 	2,00,000.00	2,17,299.50
15 Jul 2022	15 Jul 2022	   TO TRANSFER-INB Tamil Nadu State Transpor--	15510855411IGANYJAPJ0               TRANSFER TO 45	20,224.16	 	1,97,075.34
15 Jul 2022	15 Jul 2022	   TO TRANSFER-INB Tamil Nadu State Transpor--	15510920573IGANYJCDK4               TRANSFER TO 45	15,679.16	 	1,81,396.18
15 Jul 2022	15 Jul 2022	   TO TRANSFER-INB Tamil Nadu State Transpor--	15510970485IGANYJDMI9               TRANSFER TO 45	20,224.16	 	1,61,172.02
15 Jul 2022	15 Jul 2022	   TO TRANSFER-INB Tamil Nadu State Transpor--	15511002275IGANYJDSU8               TRANSFER TO 45	24,264.16	 	1,36,907.86
15 Jul 2022	15 Jul 2022	   TO TRANSFER-INB Tamil Nadu State Transpor--	15511031828IGANYJEVL1               TRANSFER TO 45	16,184.16	 	1,20,723.70
15 Jul 2022	15 Jul 2022	   TO TRANSFER-INB Tamil Nadu State Transpor--	15511070851IGANYJFXX8               TRANSFER TO 45	24,264.16	 	96,459.54
15 Jul 2022	15 Jul 2022	   TO TRANSFER-INB Tamil Nadu State Transpor--	15511120057IGANYJGWF1               TRANSFER TO 45	17,194.16	 	79,265.38
15 Jul 2022	15 Jul 2022	   TO TRANSFER-INB Tamil Nadu State Transpor--	15511140690IGANYJHQK0               TRANSFER TO 45	16,184.16	 	63,081.22
15 Jul 2022	15 Jul 2022	   TO TRANSFER-INB IMPS/P2A/219613713607/XXXXXXX370CNRB--	IMPS00207289724MOAGLDBZB6               TRANSFER T	20,224.00	 	42,857.22
18 Jul 2022	18 Jul 2022	   TO TRANSFER-INB Tamil Nadu State Transpor--	15527026344IGANYUANF7               TRANSFER TO 45	2,014.16	 	40,843.06
18 Jul 2022	18 Jul 2022	   TO TRANSFER-INB Tamil Nadu State Transpor--	15527074288IGANYUBVE8               TRANSFER TO 45	17,194.16	 	23,648.90
4 Aug 2022	4 Aug 2022	   DEBIT-12746 6248837 83232305 PAI 20 LACS--		1,000.00	 	22,648.90
25 Sep 2022	25 Sep 2022	   CREDIT INTEREST---		 	152.00	22,800.90
5 Nov 2022	5 Nov 2022	   CASH DEPOSIT-CASH DEPOSIT SELF--		 	29,500.00	52,300.90
7 Nov 2022	7 Nov 2022	   TO TRANSFER-INB IMPS/P2A/231112728742/XXXXXXX370CNRB--	IMPS00215887788MOAGYGNPM2               TRANSFER T	29,500.00	 	22,800.90
8 Nov 2022	8 Nov 2022	   TO TRANSFER-INB IMPS/P2A/231212886505/XXXXXXX374ICIC--	IMPS00215976777MOAGYKDUK8               TRANSFER T	10,000.00	 	12,800.90
8 Nov 2022	8 Nov 2022	   TO TRANSFER-INB IMPS/P2A/231219632513/XXXXXXX370CNRB--	IMPS00216005169MOAGYLJGZ3               TRANSFER T	7,000.00	 	5,800.90
1 Dec 2022	1 Dec 2022	   TO TRANSFER-INB Deposit / Investment--	IHR0061339               TRANSFER TO 20204795075  	5,000.00	 	800.90
25 Dec 2022	25 Dec 2022	   CREDIT INTEREST---		 	88.00	888.90
14 Jan 2023	14 Jan 2023	   BY TRANSFER-INB IMPS301413757683/9444529166/XX1374/tax paymen--	MAC001174616491          MAC001174616491          	 	1,60,000.00	1,60,888.90
14 Jan 2023	14 Jan 2023	   TO TRANSFER-INB Tamil Nadu State Transpor--	16592306979IGAOYYMOE1               TRANSFER TO 45	20,224.16	 	1,40,664.74
14 Jan 2023	14 Jan 2023	   TO TRANSFER-INB Tamil Nadu State Transpor--	16592342360IGAOYYNFS4               TRANSFER TO 45	20,224.16	 	1,20,440.58
14 Jan 2023	14 Jan 2023	   TO TRANSFER-INB Tamil Nadu State Transpor--	16592373141IGAOYYNKT3               TRANSFER TO 45	24,264.16	 	96,176.42
14 Jan 2023	14 Jan 2023	   TO TRANSFER-INB Tamil Nadu State Transpor--	16592406578IGAOYYNZP3               TRANSFER TO 45	24,264.16	 	71,912.26
14 Jan 2023	14 Jan 2023	   TO TRANSFER-INB Tamil Nadu State Transpor--	16592438566IGAOYYOOL3               TRANSFER TO 45	17,194.16	 	54,718.10
14 Jan 2023	14 Jan 2023	   TO TRANSFER-INB Tamil Nadu State Transpor--	16592462397IGAOYYOSS8               TRANSFER TO 45	17,194.16	 	37,523.94
14 Jan 2023	14 Jan 2023	   TO TRANSFER-INB Tamil Nadu State Transpor--	16592500004IGAOYYPHY8               TRANSFER TO 45	20,224.16	 	17,299.78
14 Jan 2023	14 Jan 2023	   TO TRANSFER-INB Tamil Nadu State Transpor--	16592541208IGAOYYPQQ6               TRANSFER TO 45	16,184.16	 	1,115.62
20 Jan 2023	20 Jan 2023	   BY TRANSFER-UPI/CR/302067955335/P KANNAN/HDFC/kannancheg/test--	TRANSFER FROM 5099154162096	 	1.00	1,116.62
23 Jan 2023	23 Jan 2023	   BY TRANSFER-UPI/CR/302346082371/P KANNAN/HDFC/kannancheg/2 Veh--	TRANSFER FROM 5098807162093	 	16,226.00	17,342.62
25 Mar 2023	25 Mar 2023	   CREDIT INTEREST---		 	82.00	17,424.62

**This is a computer generated statement and does not require a signature

