Account Name       :                	Mr. ANANTHA  KRISHNAN  S
Address            :	ROOM NO 213 SUSRUTHA HOSEL
                                    	TRAUMA CENTRE  BHU
                                    	VARANASI-221005
                                    	Varanasi
Date               :                	24 Jun 2021
Account Number     :	_00000020309689592
Account Description:	REGULAR SB CHQ-INDIVIDUALS
Branch             :	I.M.S BHU
Drawing Power      :	0.00
Interest Rate(% p.a.):	2.7
MOD Balance      :	0.00
CIF No.          :	_88566633468
IFS (Indian Financial System) Code         :	SBIN0010178
MICR (Magnetic Ink Character Recognition)  Code        :	_221002034
Nomination Registered    :	Yes 
Balance on 1 Apr 2020        :	685.75
Start Date          :	1 Apr 2020
End Date            :	31 Mar 2021
Txn Date	Value Date	Description	Ref No./Cheque No.	        Debit	Credit	Balance	
16 Apr 2020	16 Apr 2020	   BULK POSTING-     00000010178 190120 S KALAI SELVI AGENCY B--		 	10.00	695.75
17 May 2020	17 May 2020	   by debit card-OTHPG 013815282181PHONEPE PRIVATE LIMITEBANGALORE--		2.00	 	693.75
20 May 2020	20 May 2020	   BULK POSTING-     00000010178 170520 PHONEPE RECHARGE--		 	2.00	695.75
22 May 2020	22 May 2020	   BY TRANSFER-INB IMPS014309374297/9840570176/XX2119/packer--	MAB000480632039          MAB000480632039          	 	6,000.00	6,695.75
22 May 2020	22 May 2020	   TO TRANSFER-INB IMPS/P2A/014310905358/XXXXXXX682BARB--	UA0273721445MOACTHDWA5               TRANSFER TO 4	6,000.00	 	695.75
25 May 2020	25 May 2020	   BY TRANSFER-INB IMPS014613479856/9840570176/XX2119/packer--	MAC000491832132          MAC000491832132          	 	5,000.00	5,695.75
25 May 2020	25 May 2020	   TO TRANSFER-INB IMPS/P2A/014613911250/XXXXXXX682BARB--	UA0274400145MOACTNAVW3               TRANSFER TO 4	5,000.00	 	695.75
3 Jun 2020	3 Jun 2020	   BY TRANSFER-INB IMPS015516340813/9517525583/XX2432/Ak--	MAC000496015178          MAC000496015178          	 	30,000.00	30,695.75
3 Jun 2020	3 Jun 2020	   TO TRANSFER-INB IMPS/P2A/UA0277057026/XXXXXXX447SBIN--	UA0277057026MOACUJFAK1               TRANSFER TO 5	25,000.00	 	5,695.75
5 Jun 2020	5 Jun 2020	   TO TRANSFER-INB IMPS/P2A/UA0277572937/XXXXXXX447SBIN--	UA0277572937MOACUNTAQ4               TRANSFER TO 5	4,850.00	 	845.75
7 Jun 2020	7 Jun 2020	   BY TRANSFER-INB IMPS015900355893/9517525583/XX2432/Ecg--	MAC000497786136          MAC000497786136          	 	10,000.00	10,845.75
7 Jun 2020	7 Jun 2020	   TO TRANSFER-INB IMPS/P2A/015900859792/XXXXXXX109IOBA--	UA0278152434MOACUSXIE6               TRANSFER TO 4	10,000.00	 	845.75
7 Jun 2020	7 Jun 2020	   BY TRANSFER-INB IMPS015915388899/9840570176/XX2119/xray--	MAA000500263579          MAA000500263579          	 	26,000.00	26,845.75
7 Jun 2020	7 Jun 2020	   TO TRANSFER-INB IMPS/P2A/015915566035/XXXXXXX432HDFC--	UA0278290342MOACUUDAX1               TRANSFER TO 4	26,000.00	 	845.75
25 Jun 2020	25 Jun 2020	   CREDIT INTEREST---		 	6.00	851.75
23 Jul 2020	23 Jul 2020	   BY TRANSFER-INB IMPS020516168541/9517525583/XX3682/ak--	MAC000522283113          MAC000522283113          	 	5,000.00	5,851.75
24 Jul 2020	24 Jul 2020	   BY TRANSFER-INB IMPS020609358026/9517525583/XX2432/Loan--	MAB000512614109          MAB000512614109          	 	15,000.00	20,851.75
24 Jul 2020	24 Jul 2020	   TO TRANSFER-Loan--	TRANSFER TO 35362097171                           	15,500.00	 	5,351.75
25 Aug 2020	25 Aug 2020	   BY TRANSFER-INB IMPS023817312257/9517525583/XX3682/carloan--	MAC000541726092          MAC000541726092          	 	50,000.00	55,351.75
25 Aug 2020	25 Aug 2020	   BY TRANSFER-INB IMPS023817726872/9517525583/XX3682/car--	MAB000531796762          MAB000531796762          	 	50,000.00	1,05,351.75
25 Aug 2020	25 Aug 2020	   BY TRANSFER-INB IMPS023817344024/9517525583/XX3682/akcar--	MAB000531797319          MAB000531797319          	 	50,000.00	1,55,351.75
25 Aug 2020	25 Aug 2020	   BY TRANSFER-INB IMPS023817638463/9517525583/XX3682/carak--	MAA000543958881          MAA000543958881          	 	50,000.00	2,05,351.75
25 Aug 2020	25 Aug 2020	   TO TRANSFER-INB Payment towards loan repayment--	II85698746               TRANSFER TO 35362097171  	2,00,000.00	 	5,351.75
26 Aug 2020	26 Aug 2020	   BY TRANSFER-INB IMPS023909240527/9517525583/XX3682/ak--	MAC000542050316          MAC000542050316          	 	50,000.00	55,351.75
26 Aug 2020	26 Aug 2020	   BY TRANSFER-INB IMPS023909011153/9517525583/XX3682/ak--	MAA000544280539          MAA000544280539          	 	50,000.00	1,05,351.75
26 Aug 2020	26 Aug 2020	   BY TRANSFER-INB IMPS023909356483/9517525583/XX3682/ak--	MAB000532119946          MAB000532119946          	 	10,000.00	1,15,351.75
26 Aug 2020	26 Aug 2020	   TO TRANSFER-INB Payment towards loan repayment--	II85712334               TRANSFER TO 35362097171  	1,00,000.00	 	15,351.75
9 Sep 2020	9 Sep 2020	   TO TRANSFER-INB IMPS/P2A/025321775731/XXXXXXX109IOBA--	UA0306434732MOADEXTSY5               TRANSFER TO 4	1,200.00	 	14,151.75
25 Sep 2020	25 Sep 2020	   CREDIT INTEREST---		 	49.00	14,200.75
15 Oct 2020	15 Oct 2020	   by debit card-OTHPG 028823131277RAZ*tamilnadumedicalcoChennai--		7,677.00	 	6,523.75
25 Oct 2020	25 Oct 2020	   BY TRANSFER-UPI/CR/029968115727/ANANTHA /HDFC/9517525583/Payme--	TRANSFER FROM 5098801162099	 	100.00	6,623.75
1 Nov 2020	1 Nov 2020	   TO TRANSFER-INB IMPS/P2A/030610782898/XXXXXXX682BARBAk--	LT0111102515368MOADLIRPA7               TRANSFER T	6,000.00	 	623.75
8 Dec 2020	8 Dec 2020	   BY TRANSFER-INB IMPS034311753654/9517525583/XX3682/ak--	MAC000618688415          MAC000618688415          	 	3,500.00	4,123.75
8 Dec 2020	8 Dec 2020	   ATM WDL-ATM CASH 03431 FBL-AVADI              THIRUVALLUR--		3,000.00	 	1,123.75
25 Dec 2020	25 Dec 2020	   CREDIT INTEREST---		 	31.00	1,154.75
26 Dec 2020	26 Dec 2020	   by debit card-OTHPOS036114325752AK AND AK SCANS AND LACHENNAI--		500.00	 	654.75
13 Jan 2021	13 Jan 2021	   by debit card-OTHPG 101312959914NETFLIX               MUMBAI--		199.00	 	455.75
16 Jan 2021	16 Jan 2021	   by debit card-OTHPG 101604649578Cashfree Payments     8888888888--		148.00	 	307.75
16 Jan 2021	16 Jan 2021	   BY TRANSFER-INB IMPS101618251144/9840570176/XX2119/cardpay--	MAA000669680132          MAA000669680132          	 	1,000.00	1,307.75
16 Jan 2021	16 Jan 2021	   BY TRANSFER-INB IMPS101618808171/9840570176/XX2119/cardpay--	MAC000631251053          MAC000631251053          	 	9,000.00	10,307.75
16 Jan 2021	16 Jan 2021	   TO TRANSFER-INB HDFC Bank Credit Card     HDFC Bank--	VSBI9662778549IGAKHAWSR1               TRANSFER TO	9,000.00	 	1,307.75
17 Jan 2021	17 Jan 2021	   by debit card-OTHPG 101709648025Bharti Airtel Limited 122015--		598.00	 	709.75
2 Feb 2021	2 Feb 2021	   BY TRANSFER-INB IMPS103315658158/9840570176/XX2119/ak--	MAC000645657751          MAC000645657751          	 	16,000.00	16,709.75
5 Feb 2021	5 Feb 2021	   TO TRANSFER-INB Yes Bank Limited          BILL_YEBALIM Payment--	VSBI9721806716IGAKKXOIB9               TRANSFER TO	118.00	 	16,591.75
9 Feb 2021	9 Feb 2021	   TO TRANSFER-UPI/DR/104010277026/Sidd Hea/UTIB/9710036000/surgi--	TRANSFER TO 5097627162096	750.00	 	15,841.75
10 Feb 2021	10 Feb 2021	   BY TRANSFER-UPI/CR/104110937532/BHEEMAVA/UTIB/bsiri1993@/Nanil--	TRANSFER FROM 5098964162093	 	1,000.00	16,841.75
10 Feb 2021	10 Feb 2021	   BY TRANSFER-UPI/CR/104110073058/BHEEMAVA/UTIB/bsiri1993@/Siri--	TRANSFER FROM 5098958162090	 	5,000.00	21,841.75
10 Feb 2021	10 Feb 2021	   TO TRANSFER-UPI/DR/104110208716/SIVAKUMA/KVBL/siva86.vee/AK sc--	TRANSFER TO 5099522162099	1,000.00	 	20,841.75
10 Feb 2021	10 Feb 2021	   BY TRANSFER-UPI/CR/104110120521/BHEEMAVA/UTIB/bsiri1993@/Sirul--	TRANSFER FROM 4898962162091	 	5,000.00	25,841.75
10 Feb 2021	10 Feb 2021	   BY TRANSFER-UPI/CR/104110136786/BHEEMAVA/UTIB/bsiri1993@/Nanip--	TRANSFER FROM 5098430162099	 	9,000.00	34,841.75
10 Feb 2021	10 Feb 2021	   TO TRANSFER-UPI/DR/104111931401/HELENMER/SBIN/ahelenmerc/UPI--	TRANSFER TO 5099487162097	500.00	 	34,341.75
10 Feb 2021	10 Feb 2021	   TO TRANSFER-UPI/DR/104111056695/SIVAKUMA/KVBL/siva86.vee/UPI--	TRANSFER TO 5097759162094	1,000.00	 	33,341.75
10 Feb 2021	10 Feb 2021	   TO TRANSFER-UPI/DR/104111100507/SIVAKUMA/KVBL/siva86.vee/AK sc--	TRANSFER TO 5097756162097	1,000.00	 	32,341.75
10 Feb 2021	10 Feb 2021	   TO TRANSFER-UPI/DR/104111083165/SIVAKUMA/KVBL/siva86.vee/AK sc--	TRANSFER TO 4898840162098	1,000.00	 	31,341.75
11 Feb 2021	11 Feb 2021	   by debit card-OTHPG 104204089752PAYMENT THROUGH PAYZAPMUMBAI--		15,119.21	 	16,222.54
11 Feb 2021	11 Feb 2021	   BY TRANSFER-UPI/CR/104261491172/BHEEMAVA/UTIB/8639182524/Payme--	TRANSFER FROM 5099044162091	 	1,000.00	17,222.54
11 Feb 2021	11 Feb 2021	   BY TRANSFER-UPI/CR/104203377628/BHEEMAVA/UTIB/8639182524/Payme--	TRANSFER FROM 4898967162096	 	10,000.00	27,222.54
11 Feb 2021	11 Feb 2021	   BY TRANSFER-UPI/CR/104266856014/BHEEMAVA/UTIB/8639182524/Payme--	TRANSFER FROM 5099100162098	 	10,000.00	37,222.54
11 Feb 2021	11 Feb 2021	   BY TRANSFER-UPI/CR/104255493093/BHEEMAVA/UTIB/8639182524/Payme--	TRANSFER FROM 4899353162096	 	10,000.00	47,222.54
11 Feb 2021	11 Feb 2021	   BY TRANSFER-UPI/CR/104223910197/BHEEMAVA/UTIB/8639182524/Payme--	TRANSFER FROM 5099058162095	 	10,000.00	57,222.54
11 Feb 2021	11 Feb 2021	   BY TRANSFER-UPI/CR/104223998390/BHEEMAVA/UTIB/8639182524/Payme--	TRANSFER FROM 5098501162090	 	10,000.00	67,222.54
11 Feb 2021	11 Feb 2021	   BY TRANSFER-UPI/CR/104269169044/BHEEMAVA/UTIB/8639182524/Payme--	TRANSFER FROM 5098492162097	 	10,000.00	77,222.54
11 Feb 2021	11 Feb 2021	   BY TRANSFER-UPI/CR/104200601919/BHEEMAVA/UTIB/8639182524/Payme--	TRANSFER FROM 5099037162090	 	9,000.00	86,222.54
11 Feb 2021	11 Feb 2021	   by debit card-OTHPG 104205152622CITRUS PAY ACTTV      MUMBAI--		1,207.60	 	85,014.94
11 Feb 2021	11 Feb 2021	   by debit card-OTHPG 104207243260CITRUS PAY ACTTV      MUMBAI--		1,268.50	 	83,746.44
11 Feb 2021	11 Feb 2021	   TO TRANSFER-UPI/DR/104213850850/SIVAKUMA/KVBL/siva86.vee/AK sc--	TRANSFER TO 5099614162096	1,000.00	 	82,746.44
11 Feb 2021	11 Feb 2021	   TO TRANSFER-INB SBICARD FOR BILLDESK      SBICARD Payments--	VSBI9740288476IGAKMHIBV4               TRANSFER TO	49,000.00	 	33,746.44
11 Feb 2021	11 Feb 2021	   by debit card-SBIPG VT9740332740BSNLPOST              MUMBAI--		377.00	 	33,369.44
15 Feb 2021	15 Feb 2021	   by debit card-OTHPG 104516927589WWW AIRTEL IN         GURGAON--		1,000.00	 	32,369.44
19 Feb 2021	19 Feb 2021	   by debit card-OTHPG 105007180797Swiggy                9113112212--		119.00	 	32,250.44
19 Feb 2021	19 Feb 2021	   by debit card-OTHPG 105013812060PAYTM                 NOIDA--		350.00	 	31,900.44
21 Feb 2021	21 Feb 2021	   by debit card-OTHPG 105214315731SWIGGY                9113112212--		323.00	 	31,577.44
22 Feb 2021	22 Feb 2021	   DEBIT-ATMCard AMC  459115*8840 CLASSIC--		147.50	 	31,429.94
2 Mar 2021	2 Mar 2021	   by debit card-OTHPG 106106410384RBL BANK              BANGALORE--		421.22	 	31,008.72
5 Mar 2021	5 Mar 2021	   TO TRANSFER-INB Ratnakar Bank Credit Card BILL_RATCC Payments--	VSBI9803626634IGAKQUQWZ3               TRANSFER TO	10,128.00	 	20,880.72
8 Mar 2021	8 Mar 2021	   TO TRANSFER-UPI/DR/106730128774/P  PANDI/SBIN/8072811563/Payme--	TRANSFER TO 4898798162096	900.00	 	19,980.72
9 Mar 2021	9 Mar 2021	   BY TRANSFER-INB IMPS106809188566/9517525583/XX3682/hdfc--	MAC000676354359          MAC000676354359          	 	50,000.00	69,980.72
9 Mar 2021	9 Mar 2021	   BY TRANSFER-INB IMPS106809365207/9517525583/XX3682/sbi--	MAB000702996485          MAB000702996485          	 	30,000.00	99,980.72
9 Mar 2021	9 Mar 2021	   TO TRANSFER-INB IMPS/P2A/106809801363/XXXXXXX432HDFC--	UA0365389382MOAECHSEP6               TRANSFER TO 4	100.00	 	99,880.72
9 Mar 2021	9 Mar 2021	   TO TRANSFER-INB IMPS/P2A/106812888788/XXXXXXX432HDFC--	UA0365461852MOAECIFIW0               TRANSFER TO 4	49,000.00	 	50,880.72
9 Mar 2021	9 Mar 2021	   TO TRANSFER-INB SBICARD FOR BILLDESK      SBICARD Payments--	VSBI9815743067IGAKRRUCD5               TRANSFER TO	29,329.00	 	21,551.72
9 Mar 2021	9 Mar 2021	   by debit card-SBIPG VT9816660274BSNLPOST              MUMBAI--		376.00	 	21,175.72
9 Mar 2021	9 Mar 2021	   BY TRANSFER-UPI/CR/106875232358/ALAGESWA/IOBA/alageswara/Payme--	TRANSFER FROM 5098300162098	 	1,750.00	22,925.72
10 Mar 2021	10 Mar 2021	   BY TRANSFER-UPI/CR/106954305683/JAYANT  /SBIN/8864043405/Payme--	TRANSFER FROM 5098412162092	 	1,100.00	24,025.72
10 Mar 2021	10 Mar 2021	   BY TRANSFER-UPI/CR/106904326056/JAYANT  /SBIN/8864043405/Payme--	TRANSFER FROM 5098404162091	 	400.00	24,425.72
11 Mar 2021	11 Mar 2021	   by debit card-OTHPG 107006476562CITRUS PAY ACTTV      MUMBAI--		1,209.50	 	23,216.22
11 Mar 2021	11 Mar 2021	   by debit card-OTHPG 107006477890CITRUS PAY ACTTV      MUMBAI--		1,268.50	 	21,947.72
11 Mar 2021	11 Mar 2021	   BY TRANSFER-UPI/CR/107011510619/RINKESH /SBIN/9950501762/Payme--	TRANSFER FROM 4898971162090	 	500.00	22,447.72
11 Mar 2021	11 Mar 2021	   TO TRANSFER-UPI/DR/107017388559/ARUN KRI/BARB/7358205297/Payme--	TRANSFER TO 5097863162095	3,000.00	 	19,447.72
11 Mar 2021	11 Mar 2021	   BY TRANSFER-UPI/CR/107060086701/S ARUN K/SBIN/arun180692/Payme--	TRANSFER FROM 5099037162090	 	3,000.00	22,447.72
12 Mar 2021	12 Mar 2021	   by debit card-OTHPG 107116800073NETFLIX               MUMBAI--		199.00	 	22,248.72
13 Mar 2021	13 Mar 2021	   by debit card-SBIPG 500002992188www.swiggy.in         Bangalore--		116.00	 	22,132.72
14 Mar 2021	14 Mar 2021	   by debit card-OTHPG 107219308870Innovative Retail Conc560016--		1,200.00	 	20,932.72
16 Mar 2021	16 Mar 2021	   BY TRANSFER-UPI/CR/107530252665/SAKTHIVE/HDFC/9789999420/Payme--	TRANSFER FROM 5098335162099	 	1,000.00	21,932.72
18 Mar 2021	18 Mar 2021	   by debit card-OTHPG 107718169343TAMIL NADU ELECTRICITYChennai--		5,146.00	 	16,786.72
18 Mar 2021	18 Mar 2021	   by debit card-OTHPG 107707594669SWIGGY                9113112212--		170.00	 	16,616.72
20 Mar 2021	20 Mar 2021	   BY TRANSFER-INB IMPS107911881219/9517525583/XX3682/rbl--	MAB000713506067          MAB000713506067          	 	35,000.00	51,616.72
20 Mar 2021	20 Mar 2021	   TO TRANSFER-INB Ratnakar Bank Credit Card BILL_RATCC Payments--	VSBI9846605140IGAKTXUFD0               TRANSFER TO	35,668.67	 	15,948.05
20 Mar 2021	20 Mar 2021	   BY TRANSFER-UPI/CR/107925091694/BHEEMAVA/BARB/8639182524/Payme--	TRANSFER FROM 5098696162096	 	10,000.00	25,948.05
20 Mar 2021	20 Mar 2021	   BY TRANSFER-UPI/CR/107902514621/BHEEMAVA/BARB/8639182524/Payme--	TRANSFER FROM 4898993162094	 	10,000.00	35,948.05
20 Mar 2021	20 Mar 2021	   BY TRANSFER-UPI/CR/107964646404/BHEEMAVA/BARB/8639182524/Payme--	TRANSFER FROM 5099196162097	 	10,000.00	45,948.05
20 Mar 2021	20 Mar 2021	   BY TRANSFER-UPI/CR/107917165741/BHEEMAVA/BARB/8639182524/Payme--	TRANSFER FROM 5099178162099	 	10,000.00	55,948.05
20 Mar 2021	20 Mar 2021	   BY TRANSFER-UPI/CR/107928154170/BHEEMAVA/BARB/8639182524/Payme--	TRANSFER FROM 5099184162091	 	10,000.00	65,948.05
20 Mar 2021	20 Mar 2021	   BY TRANSFER-UPI/CR/107917143810/BHEEMAVA/BARB/8639182524/Payme--	TRANSFER FROM 4898987162092	 	10,000.00	75,948.05
20 Mar 2021	20 Mar 2021	   BY TRANSFER-UPI/CR/107921910199/BHEEMAVA/BARB/8639182524/Payme--	TRANSFER FROM 4897726162099	 	10,000.00	85,948.05
20 Mar 2021	20 Mar 2021	   TO TRANSFER-INB IMPS/P2A/107912979881/XXXXXXX432HDFC--	UA0368920524MOAEDUWEJ8               TRANSFER TO 4	1,000.00	 	84,948.05
20 Mar 2021	20 Mar 2021	   TO TRANSFER-INB IMPS/P2A/107912980730/XXXXXXX432HDFC--	UA0368921031MOAEDUVZT2               TRANSFER TO 4	50,000.00	 	34,948.05
20 Mar 2021	20 Mar 2021	   TO TRANSFER-INB IMPS/P2A/107912983425/XXXXXXX432HDFC--	UA0368922524MOAEDUWRL7               TRANSFER TO 4	19,000.00	 	15,948.05
20 Mar 2021	20 Mar 2021	   by debit card-OTHPG 107911834556ACCOMDATION           TIRUPATI--		1,800.00	 	14,148.05
20 Mar 2021	20 Mar 2021	   by debit card-OTHPG 107911851136ACCOMDATION           TIRUPATI--		1,500.00	 	12,648.05
22 Mar 2021	22 Mar 2021	   BY TRANSFER-UPI/CR/108123225206/RAHUL D/HDFC/6382030313/Paymen--	TRANSFER FROM 4897701162097	 	250.00	12,898.05
22 Mar 2021	22 Mar 2021	   TO TRANSFER-UPI/DR/108110196261/P  PANDI/SBIN/8072811563/Payme--	TRANSFER TO 5099363162099	800.00	 	12,098.05
23 Mar 2021	23 Mar 2021	   by debit card-OTHPG 108206977155SWIGGY XL             BANGALORE--		118.00	 	11,980.05
24 Mar 2021	24 Mar 2021	   BY TRANSFER-UPI/CR/108335866220/JAGAN MO/HDFC/9894906767/Payme--	TRANSFER FROM 5099009162093	 	1,100.00	13,080.05
25 Mar 2021	25 Mar 2021	   by debit card-OTHPG 108407698351SWIGGY                9113112212--		154.00	 	12,926.05
25 Mar 2021	25 Mar 2021	   BY TRANSFER-UPI/CR/108456747615/PARTHIBA/CNRB/8778696807/Payme--	TRANSFER FROM 5098487162094	 	350.00	13,276.05
25 Mar 2021	25 Mar 2021	   CREDIT INTEREST---		 	95.00	13,371.05
26 Mar 2021	26 Mar 2021	   BY TRANSFER-UPI/CR/108549091234/Ms SULEK/IDIB/9551833378/Payme--	TRANSFER FROM 5099163162096	 	600.00	13,971.05
27 Mar 2021	27 Mar 2021	   BY TRANSFER-UPI/CR/108688757412/DHANALAK/UBIN/9952908237/Payme--	TRANSFER FROM 5099247162091	 	1,100.00	15,071.05
29 Mar 2021	29 Mar 2021	   by debit card-OTHPG 108815250853Bharti Airtel Limited 122015--		379.00	 	14,692.05
30 Mar 2021	30 Mar 2021	   by debit card-OTHPG 108906204915Swiggy                9113112212--		107.00	 	14,585.05
30 Mar 2021	30 Mar 2021	   by debit card-OTHPG 108916120841Swiggy                9113112212--		279.00	 	14,306.05
31 Mar 2021	31 Mar 2021	   by debit card-OTHPG 109017656605Innovative Retail Conc560016--		1,512.00	 	12,794.05

**This is a computer generated statement and does not require a signature

