Txn Date	Description	Ref No./Cheque No.	        Debit	Credit	Balance			
01-Feb-23	   BULK POSTING-CR_TAMILNADU SANITARY STO     05548442        3101--	 / 	 	"4,892.48"	"6,09,350.44"			"6,04,457.96"
01-Feb-23	BY CLEARING / CHEQUE-INB   600019035-117020 600002332--117020	 / 117020	 	"4,500.00"	"6,13,850.44"			
01-Feb-23	   TO TRANSFER-INB NEFT UTR NO: SBIN323032814056--Andavar Marketing PVT LTD	NEFT INB: CNACHXSEB3                              TRANSFER TO 4899157044304 / Andavar Marketing PVT LTD	"11,071.00"	 	"6,02,779.44"			
01-Feb-23	   TO TRANSFER-INB NEFT UTR NO: SBIN323032816201--NOBEL TILES WORLD	NEFT INB: CNACHXSEN9                              TRANSFER TO 4899157044304 / NOBEL TILES WORLD	"14,950.00"	 	"5,87,829.44"			
01-Feb-23	   TO TRANSFER-INB NEFT UTR NO: SBIN323032828573--Mylapore Gardens Residents Associat	NEFT INB: CNACHXSIB1                              TRANSFER TO 4899157044304 / Mylapore Gardens Residents Associat	"4,000.00"	 	"5,83,829.44"			
01-Feb-23	   TO TRANSFER-INB Payment towards Invoice/Bill--	CTV6773183               TRANSFER TO 35879946549                           VARSIDDHI ENTERPRISES / 	"7,483.00"	 	"5,76,346.44"			
01-Feb-23	   TO TRANSFER-INB Payment towards Invoice/Bill--	CTV6774055               TRANSFER TO 32423647359                           ARAVIND CERAMICS PRIVA / 	"4,845.00"	 	"5,71,501.44"			
01-Feb-23	   TO TRANSFER-INB NEFT UTR NO: SBIN323032835395--NOBEL TILES WORLD	NEFT INB: CNACHXSMJ3                              TRANSFER TO 4899157044304 / NOBEL TILES WORLD	"15,000.00"	 	"5,56,501.44"			
02-Feb-23	   BULK POSTING-CR_TAMILNADU SANITARY STO     05548442        0102--	 / 	 	"20,579.10"	"5,77,080.54"			
02-Feb-23	   BULK POSTING-CR_TAMILNADU SANITARY STO     05549442        0102--	 / 	 	"16,968.83"	"5,94,049.37"			
02-Feb-23	CHEQUE WDL- trf--156122	TRANSFER FROM 32818937606                         GOLDEN HARDWARE CENTRE / 156122	"1,400.00"	 	"5,92,649.37"			
02-Feb-23	   CASH DEPOSIT-CASH DEPOSIT SELF--	 / 	 	"62,000.00"	"6,54,649.37"			
02-Feb-23	   BY TRANSFER-UPI/CR/303378274008/VIJAYA K/BKID/vkumarkann/UPI--	TRANSFER FROM 5098496162093 / 	 	750	"6,55,399.37"			
03-Feb-23	TO CLEARING-FBL   NATIONALTILES--156121	 / 156121	"9,300.00"	 	"6,46,099.37"			
03-Feb-23	   BULK POSTING-CR_TAMILNADU SANITARY STO     05548442        0202--	 / 	 	"13,291.79"	"6,59,391.16"			
03-Feb-23	   BULK POSTING-CR_TAMILNADU SANITARY STO     05549442        0202--	 / 	 	"16,968.83"	"6,76,359.99"			
03-Feb-23	   BY TRANSFER-INB IMPS303411806410/9841034341/XX2305/payment fr--	MAA001237827487          MAA001237827487          TRANSFER FROM 4898017162097 / 	 	"2,200.00"	"6,78,559.99"			
03-Feb-23	   CASH DEPOSIT-CASH DEPOSIT SELF--	 / 	 	"55,000.00"	"7,33,559.99"			
03-Feb-23	   DEBIT-PoS Rent for TID-05548442-Jan'23--	 / 	411.82	 	"7,33,148.17"			
03-Feb-23	   BY TRANSFER-NEFT*SCBL0036001*IN1ON23020301W7H*TRACTORS AND FAR--	TRANSFER FROM 3199963044309 / 	 	"20,696.00"	"7,53,844.17"			
03-Feb-23	   TO TRANSFER-INB NEFT UTR NO: SBIN123034940956--D S Associates	NEFT INB: CNACIAMVV7                              TRANSFER TO 4899157044304 / D S Associates	"25,000.00"	 	"7,28,844.17"			
03-Feb-23	   TO TRANSFER-INB NEFT UTR NO: SBIN123034945222--SRI SENI Enterprises	NEFT INB: CNACIAMXC4                              TRANSFER TO 4899157044304 / SRI SENI Enterprises	"20,590.00"	 	"7,08,254.17"			
03-Feb-23	   TO TRANSFER-INB NEFT UTR NO: SBIN123034949030--PROVIDENT MARKETING	NEFT INB: CNACIAMYK6                              TRANSFER TO 4899157044304 / PROVIDENT MARKETING	"7,194.00"	 	"7,01,060.17"			
03-Feb-23	   TO TRANSFER-INB NEFT UTR NO: SBIN123034949307--SHYAMS ENTERPRISES	NEFT INB: CNACIANAM2                              TRANSFER TO 4899157044304 / SHYAMS ENTERPRISES	"9,000.00"	 	"6,92,060.17"			
03-Feb-23	   TO TRANSFER-INB NEFT UTR NO: SBIN123034952662--JAI GURUJI SANITTAION	NEFT INB: CNACIANAV2                              TRANSFER TO 4899157044304 / JAI GURUJI SANITTAION	"4,904.00"	 	"6,87,156.17"			
03-Feb-23	   TO TRANSFER-INB Payment towards Invoice/Bill--	CTV7146080               TRANSFER TO 32818937606                           GOLDEN HARDWARE CENTRE / 	"3,122.00"	 	"6,84,034.17"			
03-Feb-23	   TO TRANSFER-INB NEFT UTR NO: SBIN123034968573--ARUNKUMAR MANOHARAN	NEFT INB: CNACIANGS3                              TRANSFER TO 4899157044304 / ARUNKUMAR MANOHARAN	"5,000.00"	 	"6,79,034.17"			
03-Feb-23	   TO TRANSFER-INB NEFT UTR NO: SBIN123034969769--Andavar Marketing PVT LTD	NEFT INB: CNACIANGY8                              TRANSFER TO 4899157044304 / Andavar Marketing PVT LTD	"2,800.00"	 	"6,76,234.17"			
03-Feb-23	   TO TRANSFER-INB NEFT UTR NO: SBIN123034972122--NOBEL TILES WORLD	NEFT INB: CNACIANIO3                              TRANSFER TO 4899157044304 / NOBEL TILES WORLD	"22,680.00"	 	"6,53,554.17"			
03-Feb-23	   TO TRANSFER-INB NEFT UTR NO: SBIN123034972724--NOBEL TILES WORLD	NEFT INB: CNACIANKL4                              TRANSFER TO 4899157044304 / NOBEL TILES WORLD	"15,630.00"	 	"6,37,924.17"			
03-Feb-23	   TO TRANSFER-INB NEFT UTR NO: SBIN123034980676--Paandurangaa Binding and Printing	NEFT INB: CNACIANPD8                              TRANSFER TO 4899157044304 / Paandurangaa Binding and Printing	"1,500.00"	 	"6,36,424.17"			
04-Feb-23	   BULK POSTING-CR_TAMILNADU SANITARY STO     05548442        0302--	 / 	 	"9,264.59"	"6,45,688.76"			
04-Feb-23	   BULK POSTING-CR_TAMILNADU SANITARY STO     05549442        0302--	 / 	 	"8,043.82"	"6,53,732.58"			
04-Feb-23	CASH CHEQUE-CASH WITHDRAWAL BY CHQ--156123	 / 156123	"20,000.00"	 	"6,33,732.58"			
04-Feb-23	   CASH DEPOSIT-CASH DEPOSIT SELF--	 / 	 	"44,500.00"	"6,78,232.58"			
04-Feb-23	   TO TRANSFER-INB Payment towards Invoice/Bill--	CTV7277056               TRANSFER TO 32423647359                           ARAVIND CERAMICS PRIVA / 	"14,000.00"	 	"6,64,232.58"			
04-Feb-23	   TO TRANSFER-INB NEFT UTR NO: SBIN223035886559--NOBEL TILES WORLD	NEFT INB: CNACIBLKS5                              TRANSFER TO 4899157044304 / NOBEL TILES WORLD	"22,065.00"	 	"6,42,167.58"			
04-Feb-23	   TO TRANSFER-INB--	16730619892CHL6669765               TRANSFER TO 4599575162090 / 	"1,799.00"	 	"6,40,368.58"			
05-Feb-23	   TO TRANSFER-INB NEFT UTR NO: SBIN323036300457--Andavar Marketing PVT LTD	NEFT INB: CNACIBWRF1                              TRANSFER TO 4899157044304 / Andavar Marketing PVT LTD	"9,765.00"	 	"6,30,603.58"			
06-Feb-23	   BULK POSTING-CR_TAMILNADU SANITARY STO     05548442        0402--	 / 	 	"13,580.96"	"6,44,184.54"			
06-Feb-23	   BULK POSTING-CR_TAMILNADU SANITARY STO     05549442        0402--	 / 	 	"1,334.64"	"6,45,519.18"			
07-Feb-23	   BULK POSTING-CR_TAMILNADU SANITARY STO     05548442        0602--	 / 	 	"22,166.51"	"6,67,685.69"			
07-Feb-23	   BULK POSTING-CR_TAMILNADU SANITARY STO     05549442        0602--	 / 	 	"2,869.20"	"6,70,554.89"			
07-Feb-23	   TO TRANSFER-INB Salary Payment--	CTV7564572               TRANSFER TO 32950808735                           Mr. KASI  R / 	"17,000.00"	 	"6,53,554.89"			
07-Feb-23	   TO TRANSFER-INB Payment towards Invoice/Bill--	CTV7564450               TRANSFER TO 31054735034                           Mr. NOUSHAD  ABDUL SAL / 	"15,000.00"	 	"6,38,554.89"			
08-Feb-23	   BULK POSTING-CR_TAMILNADU SANITARY STO     05549442        0702--	 / 	 	"1,992.00"	"6,40,546.89"			
08-Feb-23	   CASH DEPOSIT-CASH DEPOSIT SELF--	 / 	 	"53,000.00"	"6,93,546.89"			
08-Feb-23	   TO TRANSFER-INB NEFT UTR NO: SBIN223039469785--Andavar Marketing PVT LTD	NEFT INB: CNACIFSJC7                              TRANSFER TO 4899157044304 / Andavar Marketing PVT LTD	"13,946.00"	 	"6,79,600.89"			
08-Feb-23	CHEQUE WDL-CHEQUE TRANSFER TO--156117	TRANSFER FROM 31459040429                         ALBA CORPORATION / 156117	"2,754.00"	 	"6,76,846.89"			
09-Feb-23	   BULK POSTING-CR_TAMILNADU SANITARY STO     05548442        0802--	 / 	 	"1,892.40"	"6,78,739.29"			
09-Feb-23	   TO TRANSFER-INB NEFT UTR NO: SBIN323040395763--Andavar Marketing PVT LTD	NEFT INB: CNACIGSFF9                              TRANSFER TO 4899157044304 / Andavar Marketing PVT LTD	"9,440.00"	 	"6,69,299.29"			
09-Feb-23	   TO TRANSFER-INB Payment towards Invoice/Bill--	CTV7939814               TRANSFER TO 57002369188                           NELLAI CERAMIC CENTRE / 	"3,901.00"	 	"6,65,398.29"			
09-Feb-23	   TO TRANSFER-INB NEFT UTR NO: SBIN323040415259--NOBEL TILES WORLD	NEFT INB: CNACIGSNW0                              TRANSFER TO 4899157044304 / NOBEL TILES WORLD	"14,770.00"	 	"6,50,628.29"			
09-Feb-23	   TO TRANSFER-INB Payment towards Invoice/Bill--	CTV7942054               TRANSFER TO 32423647359                           ARAVIND CERAMICS PRIVA / 	"14,350.00"	 	"6,36,278.29"			
09-Feb-23	   TO TRANSFER-INB NEFT UTR NO: SBIN323040418366--SMS Industrial Impex	NEFT INB: CNACIGSPM5                              TRANSFER TO 4899157044304 / SMS Industrial Impex	"7,032.00"	 	"6,29,246.29"			
09-Feb-23	   TO TRANSFER-INB NEFT UTR NO: SBIN323040421355--SHYAMS ENTERPRISES	NEFT INB: CNACIGSSN1                              TRANSFER TO 4899157044304 / SHYAMS ENTERPRISES	"7,696.00"	 	"6,21,550.29"			
09-Feb-23	   TO TRANSFER-INB NEFT UTR NO: SBIN323040422740--D S Associates	NEFT INB: CNACIGSSF2                              TRANSFER TO 4899157044304 / D S Associates	"6,099.00"	 	"6,15,451.29"			
09-Feb-23	   TO TRANSFER-INB NEFT UTR NO: SBIN323040424924--D S Associates	NEFT INB: CNACIGSUJ1                              TRANSFER TO 4899157044304 / D S Associates	"22,086.00"	 	"5,93,365.29"			
09-Feb-23	   TO TRANSFER-INB NEFT UTR NO: SBIN323040426896--Super Trading Corporation	NEFT INB: CNACIGSXG9                              TRANSFER TO 4899157044304 / Super Trading Corporation	"10,903.00"	 	"5,82,462.29"			
10-Feb-23	   TO TRANSFER-INB Payment towards Invoice/Bill--	CTV8035292               TRANSFER TO 32818937606                           GOLDEN HARDWARE CENTRE / 	"1,093.00"	 	"5,81,369.29"			
10-Feb-23	   TO TRANSFER-INB NEFT UTR NO: SBIN423041187023--SRI SENI Enterprises	NEFT INB: CNACIHMVN7                              TRANSFER TO 4899157044304 / SRI SENI Enterprises	"15,635.00"	 	"5,65,734.29"			
10-Feb-23	   TO TRANSFER-INB NEFT UTR NO: SBIN423041187663--JAI GURUJI SANITTAION	NEFT INB: CNACIHMWL8                              TRANSFER TO 4899157044304 / JAI GURUJI SANITTAION	"7,000.00"	 	"5,58,734.29"			
10-Feb-23	   TO TRANSFER-INB NEFT UTR NO: SBIN423041188653--FRIENDLY SERVICES	NEFT INB: CNACIHMYM5                              TRANSFER TO 4899157044304 / FRIENDLY SERVICES	861	 	"5,57,873.29"			
10-Feb-23	   TO TRANSFER-INB NEFT UTR NO: SBIN423041188286--TRISHLA CORPORATION	NEFT INB: CNACIHMYW2                              TRANSFER TO 4899157044304 / TRISHLA CORPORATION	"1,582.00"	 	"5,56,291.29"			
10-Feb-23	   CASH DEPOSIT-CASH DEPOSIT SELF--	 / 	 	"77,000.00"	"6,33,291.29"			
10-Feb-23	   TO TRANSFER-INB NEFT UTR NO: SBIN523041018656--S S I CERAMICS	NEFT INB: CNACIIIIT2                              TRANSFER TO 4899157044304 / S S I CERAMICS	"1,416.00"	 	"6,31,875.29"			
11-Feb-23	   TO TRANSFER-INB NEFT UTR NO: SBIN523042584095--NOBEL TILES WORLD	NEFT INB: CNACIISVU4                              TRANSFER TO 4899157044304 / NOBEL TILES WORLD	"6,300.00"	 	"6,25,575.29"			
11-Feb-23	   TO TRANSFER-INB ICICI_CC Payments--	YSBI1728949684CHL7259794               TRANSFER TO 3199613162094 / 	"7,650.00"	 	"6,17,925.29"			
11-Feb-23	   BULK POSTING-CR_TAMILNADU SANITARY STO     05548442        1002--	 / 	 	"24,702.32"	"6,42,627.61"			
11-Feb-23	   BULK POSTING-CR_TAMILNADU SANITARY STO     05549442        1002--	 / 	 	"1,027.95"	"6,43,655.56"			
13-Feb-23	   TO TRANSFER-INB NEFT UTR NO: SBIN123044175077--D S Associates	NEFT INB: CNACIJXPA5                              TRANSFER TO 4899157044304 / D S Associates	"23,824.00"	 	"6,19,831.56"			
13-Feb-23	   TO TRANSFER-INB NEFT UTR NO: SBIN123044175371--Super Trading Corporation	NEFT INB: CNACIJXPI5                              TRANSFER TO 4899157044304 / Super Trading Corporation	285	 	"6,19,546.56"			
13-Feb-23	   TO TRANSFER-INB Payment towards Invoice/Bill--	CTV8347691               TRANSFER TO 32423647359                           ARAVIND CERAMICS PRIVA / 	"15,000.00"	 	"6,04,546.56"			
13-Feb-23	   TO TRANSFER-INB NEFT UTR NO: SBIN123044178063--Andavar Marketing PVT LTD	NEFT INB: CNACIJXQR3                              TRANSFER TO 4899157044304 / Andavar Marketing PVT LTD	"13,946.00"	 	"5,90,600.56"			
13-Feb-23	   BULK POSTING-CR_TAMILNADU SANITARY STO     05548442        1102--	 / 	 	"5,144.32"	"5,95,744.88"			
13-Feb-23	   BULK POSTING-CR_TAMILNADU SANITARY STO     05549442        1102--	 / 	 	"14,271.25"	"6,10,016.13"			
13-Feb-23	   TO TRANSFER-INB NEFT UTR NO: SBIN123044179062--A S MARKETING	NEFT INB: CNACIJXSE7                              TRANSFER TO 4899157044304 / A S MARKETING	"5,940.00"	 	"6,04,076.13"			
13-Feb-23	   TO TRANSFER-INB Payment towards Invoice/Bill--	CTV8348109               TRANSFER TO 31459040429                           ALBA CORPORATION / 	817	 	"6,03,259.13"			
13-Feb-23	   TO TRANSFER-INB NEFT UTR NO: SBIN123044179627--Shri Krishna Enterprises	NEFT INB: CNACIJXSR0                              TRANSFER TO 4899157044304 / Shri Krishna Enterprises	"3,413.00"	 	"5,99,846.13"			
13-Feb-23	   TO TRANSFER-INB NEFT UTR NO: SBIN123044179728--PROVIDENT MARKETING	NEFT INB: CNACIJXUM8                              TRANSFER TO 4899157044304 / PROVIDENT MARKETING	"7,000.00"	 	"5,92,846.13"			
14-Feb-23	   BULK POSTING-CR_TAMILNADU SANITARY STO     05548442        1302--	 / 	 	"6,319.43"	"5,99,165.56"			
15-Feb-23	TO CLEARING-KVB   MEHTAA DECOR--156115	 / 156115	"3,494.00"	 	"5,95,671.56"			
15-Feb-23	   BULK POSTING-CR_TAMILNADU SANITARY STO     05548442        1402--	 / 	 	"2,399.04"	"5,98,070.60"			
15-Feb-23	   BULK POSTING-CR_TAMILNADU SANITARY STO     05549442        1402--	 / 	 	"11,377.87"	"6,09,448.47"			
15-Feb-23	   BY TRANSFER-NEFT*CIUB0000036*CIUBH23046010385*Sciera Solutions--	TRANSFER FROM 4697196044301 / 	 	"8,320.00"	"6,17,768.47"			
15-Feb-23	   TO TRANSFER-INB Payment towards Invoice/Bill--	CTV8714543               TRANSFER TO 32423647359                           ARAVIND CERAMICS PRIVA / 	"13,350.00"	 	"6,04,418.47"			
15-Feb-23	   TO TRANSFER-INB NEFT UTR NO: SBIN323046701222--NOBEL TILES WORLD	NEFT INB: CNACIMRKX2                              TRANSFER TO 4899157044304 / NOBEL TILES WORLD	"20,000.00"	 	"5,84,418.47"			
15-Feb-23	   TO TRANSFER-INB NEFT UTR NO: SBIN323046702332--TRISHLA CORPORATION	NEFT INB: CNACIMRMF9                              TRANSFER TO 4899157044304 / TRISHLA CORPORATION	"13,841.00"	 	"5,70,577.47"			
15-Feb-23	   TO TRANSFER-INB NEFT UTR NO: SBIN323046705766--Andavar Marketing PVT LTD	NEFT INB: CNACIMRMR8                              TRANSFER TO 4899157044304 / Andavar Marketing PVT LTD	"16,003.00"	 	"5,54,574.47"			
15-Feb-23	   TO TRANSFER-INB NEFT UTR NO: SBIN323046707265--D S Associates	NEFT INB: CNACIMRPL1                              TRANSFER TO 4899157044304 / D S Associates	"8,350.00"	 	"5,46,224.47"			
15-Feb-23	   TO TRANSFER-INB NEFT UTR NO: SBIN323046708205--D S Associates	NEFT INB: CNACIMRPB9                              TRANSFER TO 4899157044304 / D S Associates	"15,000.00"	 	"5,31,224.47"			
15-Feb-23	   BY TRANSFER-UPI/CR/304661183219/JAYAMANI G/BKID/jayasindhu/UPI--	TRANSFER FROM 5098391162092 / 	 	"3,960.00"	"5,35,184.47"			
16-Feb-23	   CASH DEPOSIT-CASH DEPOSIT SELF--	 / 	 	"42,000.00"	"5,77,184.47"			
17-Feb-23	   BULK POSTING-CR_TAMILNADU SANITARY STO     05548442        1602--	 / 	 	"5,851.32"	"5,83,035.79"			
17-Feb-23	   BULK POSTING-CR_TAMILNADU SANITARY STO     05549442        1602--	 / 	 	"2,045.00"	"5,85,080.79"			
18-Feb-23	TO CLEARING-UBI   SRI KRISHNA SALES CORPORA--156124	 / 156124	"46,626.00"	 	"5,38,454.79"			
18-Feb-23	   BULK POSTING-CR_TAMILNADU SANITARY STO     05549442        1702--	 / 	 	"25,887.44"	"5,64,342.23"			
18-Feb-23	   TO TRANSFER-INB--	23023300297020CKW2002733               TRANSFER TO 36959659467                           POOLING ACCOUNT GST-MM / 	"30,298.00"	 	"5,34,044.23"			
18-Feb-23	   TO TRANSFER-INB NEFT UTR NO: SBIN123049597705--S S I CERAMICS	NEFT INB: CNACIPYLT0                              TRANSFER TO 4899157044304 / S S I CERAMICS	944	 	"5,33,100.23"			
18-Feb-23	   TO TRANSFER-INB NEFT UTR NO: SBIN123049597795--VALLI STEEL INDUSTRIES PVT LTD	NEFT INB: CNACIPYMB9                              TRANSFER TO 4899157044304 / VALLI STEEL INDUSTRIES PVT LTD	"1,299.00"	 	"5,31,801.23"			
18-Feb-23	   TO TRANSFER-INB Payment towards Invoice/Bill--	CTV9137968               TRANSFER TO 57002369188                           NELLAI CERAMIC CENTRE / 	"6,060.00"	 	"5,25,741.23"			
18-Feb-23	   TO TRANSFER-INB NEFT UTR NO: SBIN123049599909--NOBEL TILES WORLD	NEFT INB: CNACIPYOX6                              TRANSFER TO 4899157044304 / NOBEL TILES WORLD	"3,300.00"	 	"5,22,441.23"			
18-Feb-23	   TO TRANSFER-INB NEFT UTR NO: SBIN123049600751--NOBEL TILES WORLD	NEFT INB: CNACIPYQU5                              TRANSFER TO 4899157044304 / NOBEL TILES WORLD	"10,730.00"	 	"5,11,711.23"			
18-Feb-23	   TO TRANSFER-INB NEFT UTR NO: SBIN123049602281--Andavar Marketing PVT LTD	NEFT INB: CNACIPYQP4                              TRANSFER TO 4899157044304 / Andavar Marketing PVT LTD	"3,229.00"	 	"5,08,482.23"			
18-Feb-23	   TO TRANSFER-INB NEFT UTR NO: SBIN123049605829--D S Associates	NEFT INB: CNACIPYSN1                              TRANSFER TO 4899157044304 / D S Associates	813	 	"5,07,669.23"			
18-Feb-23	   TO TRANSFER-INB NEFT UTR NO: SBIN123049607107--D S Associates	NEFT INB: CNACIPYSU2                              TRANSFER TO 4899157044304 / D S Associates	"11,265.00"	 	"4,96,404.23"			
18-Feb-23	   TO TRANSFER-INB NEFT UTR NO: SBIN123049609281--Super Trading Corporation	NEFT INB: CNACIPYVI6                              TRANSFER TO 4899157044304 / Super Trading Corporation	"12,000.00"	 	"4,84,404.23"			
18-Feb-23	   TO TRANSFER-INB NEFT UTR NO: SBIN123049610808--K M CERAMICS	NEFT INB: CNACIPYXU1                              TRANSFER TO 4899157044304 / K M CERAMICS	"8,500.00"	 	"4,75,904.23"			
20-Feb-23	   BULK POSTING-CR_TAMILNADU SANITARY STO     05549442        1802--	 / 	 	"2,300.00"	"4,78,204.23"			
20-Feb-23	   BY TRANSFER-NEFT*SCBL0036001*IN1ON23022001XSX*TRACTORS AND FAR--	TRANSFER FROM 4697254044306 / 	 	"35,144.00"	"5,13,348.23"			
21-Feb-23	   BULK POSTING-CR_TAMILNADU SANITARY STO     05549442        2002--	 / 	 	"1,664.30"	"5,15,012.53"			
21-Feb-23	   TO TRANSFER-INB--	504539054CHL8173845               TRANSFER TO 30552730897                           TANGEDCO / 	"1,981.00"	 	"5,13,031.53"			
21-Feb-23	   CASH DEPOSIT-CASH DEPOSIT SELF--	 / 	 	"1,42,000.00"	"6,55,031.53"			
22-Feb-23	   TO TRANSFER-INB Commission of CHL8173845---	CHL8173845CXF6076028               TRANSFER TO 3197691073477 / 	11.8	 	"6,55,019.73"			
22-Feb-23	   TO TRANSFER-INB NEFT UTR NO: SBIN423053327256--National Ceramic Centre	NEFT INB: CNACISVPC0                              TRANSFER TO 4899157044304 / National Ceramic Centre	"5,200.00"	 	"6,49,819.73"			
22-Feb-23	   TO TRANSFER-INB Payment towards Invoice/Bill--	CTV9514276               TRANSFER TO 32818937606                           GOLDEN HARDWARE CENTRE / 	825	 	"6,48,994.73"			
22-Feb-23	   TO TRANSFER-INB NEFT UTR NO: SBIN423053327812--NOVELTY	NEFT INB: CNACISVQZ5                              TRANSFER TO 4899157044304 / NOVELTY	"10,238.00"	 	"6,38,756.73"			
22-Feb-23	   TO TRANSFER-INB NEFT UTR NO: SBIN423053327900--Sri Krishna Sales Corporation	NEFT INB: CNACISVRF8                              TRANSFER TO 4899157044304 / Sri Krishna Sales Corporation	"5,739.00"	 	"6,33,017.73"			
22-Feb-23	   TO TRANSFER-INB Payment towards Invoice/Bill--	CTV9514929               TRANSFER TO 57002369188                           NELLAI CERAMIC CENTRE / 	"10,000.00"	 	"6,23,017.73"			
22-Feb-23	   TO TRANSFER-INB NEFT UTR NO: SBIN423053330052--A S MARKETING	NEFT INB: CNACISVSO5                              TRANSFER TO 4899157044304 / A S MARKETING	"4,050.00"	 	"6,18,967.73"			
22-Feb-23	   TO TRANSFER-INB NEFT UTR NO: SBIN423053330130--NOBEL TILES WORLD	NEFT INB: CNACISVTF9                              TRANSFER TO 4899157044304 / NOBEL TILES WORLD	"11,400.00"	 	"6,07,567.73"			
22-Feb-23	   TO TRANSFER-INB NEFT UTR NO: SBIN423053329758--Andavar Marketing PVT LTD	NEFT INB: CNACISVTP1                              TRANSFER TO 4899157044304 / Andavar Marketing PVT LTD	"6,845.00"	 	"6,00,722.73"			
23-Feb-23	   BULK POSTING-CR_TAMILNADU SANITARY STO     05548442        2202--	 / 	 	"10,384.33"	"6,11,107.06"			
23-Feb-23	CASH CHEQUE-CASH WITHDRAWAL BY CHQ--156126	 / 156126	"18,175.00"	 	"5,92,932.06"			
23-Feb-23	BY CLEARING / CHEQUE-UBI   600026142-023246 600002332--23246	 / 23246	 	"19,780.00"	"6,12,712.06"			
24-Feb-23	   BULK POSTING-CR_TAMILNADU SANITARY STO     05548442        2302--	 / 	 	"10,547.40"	"6,23,259.46"			
24-Feb-23	   BULK POSTING-CR_TAMILNADU SANITARY STO     05549442        2302--	 / 	 	946.2	"6,24,205.66"			
24-Feb-23	   TO TRANSFER-INB NEFT UTR NO: SBIN123055666358--D S Associates	NEFT INB: CNACIVHVK6                              TRANSFER TO 4899157044304 / D S Associates	"5,000.00"	 	"6,19,205.66"			
24-Feb-23	   TO TRANSFER-INB NEFT UTR NO: SBIN123055666997--Shabbir Sanitary Stores	NEFT INB: CNACIVHVB1                              TRANSFER TO 4899157044304 / Shabbir Sanitary Stores	"7,316.00"	 	"6,11,889.66"			
24-Feb-23	   TO TRANSFER-INB NEFT UTR NO: SBIN123055672986--Super Trading Corporation	NEFT INB: CNACIVHXS4                              TRANSFER TO 4899157044304 / Super Trading Corporation	"10,000.00"	 	"6,01,889.66"			
24-Feb-23	   TO TRANSFER-INB NEFT UTR NO: SBIN123055680188--Lakshmi Hayagrivaa Maarketing	NEFT INB: CNACIVHZD0                              TRANSFER TO 4899157044304 / Lakshmi Hayagrivaa Maarketing	"6,980.00"	 	"5,94,909.66"			
24-Feb-23	   TO TRANSFER-INB NEFT UTR NO: SBIN123055681208--ARUNKUMAR MANOHARAN	NEFT INB: CNACIVHYZ4                              TRANSFER TO 4899157044304 / ARUNKUMAR MANOHARAN	"5,000.00"	 	"5,89,909.66"			
25-Feb-23	   TO TRANSFER-INB NEFT UTR NO: SBIN223056240015--AJANTHA BATHROOM PRODUCTS AND PIPES	NEFT INB: CNACIVWIF4                              TRANSFER TO 4899157044304 / AJANTHA BATHROOM PRODUCTS AND PIPES	"9,051.00"	 	"5,80,858.66"			
25-Feb-23	   TO TRANSFER-INB NEFT UTR NO: SBIN223056238895--Annam Enterprises	NEFT INB: CNACIVWIL3                              TRANSFER TO 4899157044304 / Annam Enterprises	"8,000.00"	 	"5,72,858.66"			
25-Feb-23	   TO TRANSFER-INB NEFT UTR NO: SBIN223056238967--MANGALAM SANITARY	NEFT INB: CNACIVWIQ4                              TRANSFER TO 4899157044304 / MANGALAM SANITARY	"5,183.00"	 	"5,67,675.66"			
25-Feb-23	   TO TRANSFER-INB NEFT UTR NO: SBIN223056240843--SHYAMS ENTERPRISES	NEFT INB: CNACIVWIU5                              TRANSFER TO 4899157044304 / SHYAMS ENTERPRISES	"7,000.00"	 	"5,60,675.66"			
25-Feb-23	   TO TRANSFER-INB NEFT UTR NO: SBIN223056241086--JAI GURUJI SANITTAION	NEFT INB: CNACIVWKI5                              TRANSFER TO 4899157044304 / JAI GURUJI SANITTAION	"8,479.00"	 	"5,52,196.66"			
25-Feb-23	   TO TRANSFER-INB NEFT UTR NO: SBIN223056240401--SRI SENI Enterprises	NEFT INB: CNACIVWLJ2                              TRANSFER TO 4899157044304 / SRI SENI Enterprises	"7,000.00"	 	"5,45,196.66"			
25-Feb-23	   TO TRANSFER-INB NEFT UTR NO: SBIN223056242202--D S Associates	NEFT INB: CNACIVWLN3                              TRANSFER TO 4899157044304 / D S Associates	"20,000.00"	 	"5,25,196.66"			
25-Feb-23	   TO TRANSFER-INB NEFT UTR NO: SBIN223056242274--A S MARKETING	NEFT INB: CNACIVWLR3                              TRANSFER TO 4899157044304 / A S MARKETING	540	 	"5,24,656.66"			
25-Feb-23	   TO TRANSFER-INB NEFT UTR NO: SBIN223056242339--NOBEL TILES WORLD	NEFT INB: CNACIVWLV6                              TRANSFER TO 4899157044304 / NOBEL TILES WORLD	"10,830.00"	 	"5,13,826.66"			
25-Feb-23	   BY TRANSFER-UPI/CR/305696696589/KARTHI P/IOBA/karthip160/UPI--	TRANSFER FROM 5099205162090 / 	 	"13,250.00"	"5,27,076.66"			
26-Feb-23	   TO TRANSFER-INB Payment towards Invoice/Bill--	CTW0023482               TRANSFER TO 32818937606                           GOLDEN HARDWARE CENTRE / 	"2,880.00"	 	"5,24,196.66"			
26-Feb-23	   BY TRANSFER-UPI/CR/305712680775/UTHAYAKU/SBIN/udhayakuma/tiles--	TRANSFER FROM 4693678162099 / 	 	"1,000.00"	"5,25,196.66"			
26-Feb-23	   TO TRANSFER-INB--	16871168099CHL8651173               TRANSFER TO 4599576162099 / 	942.82	 	"5,24,253.84"			
27-Feb-23	   BULK POSTING-CR_TAMILNADU SANITARY STO     05549442        2602--	 / 	 	"3,650.81"	"5,27,904.65"			
27-Feb-23	   BULK POSTING-CR_TAMILNADU SANITARY STO     05548442        2502--	 / 	 	"6,661.45"	"5,34,566.10"			
27-Feb-23	   BULK POSTING-CR_TAMILNADU SANITARY STO     05549442        2502--	 / 	 	"1,178.80"	"5,35,744.90"			
27-Feb-23	   BY TRANSFER-INB IMPS305810718801/9999999999/XX5828/Tiles--	MAC001204770924          MAC001204770924          TRANSFER FROM 4897950162091 / 	 	800	"5,36,544.90"			
27-Feb-23	   TO TRANSFER-INB--	16876747158CHL8695343               TRANSFER TO 4599558162090 / 	358.72	 	"5,36,186.18"			
27-Feb-23	   BY TRANSFER-NEFT*SCBL0036001*IN1ON23022704FSA*TRACTORS AND FAR--	TRANSFER FROM 4697238044306 / 	 	"57,573.00"	"5,93,759.18"			
28-Feb-23	TO CLEARING-CAB   TANGEDCO SE CEDC CENTRAL--156127	 / 156127	"3,482.00"	 	"5,90,277.18"			
28-Feb-23	   BULK POSTING-CR_TAMILNADU SANITARY STO     05549442        2702--	 / 	 	677.28	"5,90,954.46"			
28-Feb-23	   CASH DEPOSIT-CASH DEPOSIT SELF--	 / 	 	"38,500.00"	"6,29,454.46"			
28-Feb-23	CASH HANDLING CHARGES---38976288	 / 38976288	59	 	"6,29,395.46"			
28-Feb-23	   BY TRANSFER-UPI/CR/305971620388/BOSOTTO /SBIN/bosottos@o/tiles--	TRANSFER FROM 4693091162093 / 	 	"30,080.00"	"6,59,475.46"			
28-Feb-23	   TO TRANSFER-INB Payment towards Invoice/Bill--	CTW0334939               TRANSFER TO 32818937606                           GOLDEN HARDWARE CENTRE / 	"1,080.00"	 	"6,58,395.46"			
