Txn Date	Value Date	Description	Ref No./Cheque No.	Ledger	Branch Code	        Debit	Credit	Balance
01-Oct-20	01-Oct-20	   CASH DEPOSIT-CASH DEPOSIT SELF--	 / 	Cash	40236	 	"19,500.00"	"9,33,115.96"
01-Oct-20	01-Oct-20	   BULK POSTING-CR_TAMILNADU SANITARY STO             05549442  30--	 / 	CREDIT CARD SALES	16899	 	"3,322.21"	"9,36,438.17"
01-Oct-20	01-Oct-20	BY CLEARING / CHEQUE-KOT   BY CLEARING CHQ 000434 MICR 600485017--434	 / 434	CLG	10395	 	"6,735.00"	"9,43,173.17"
01-Oct-20	01-Oct-20	BY CLEARING / CHEQUE-CBI   BY CLEARING CHQ 022152 MICR 600016003--22152	 / 22152	CLG	10395	 	"23,035.00"	"9,66,208.17"
01-Oct-20	01-Oct-20	   TO TRANSFER-INB NEFT UTR NO: SBIN120275016503--TRISHLA CORPORATION	NEFT INB: CNABDWOFS3                              TRANSFER TO 3197944044306 / TRISHLA CORPORATION	TRISHLA CORPORATION	99922	"8,381.00"	 	"9,57,827.17"
01-Oct-20	01-Oct-20	   TO TRANSFER-INB NEFT UTR NO: SBIN120275019268--NOBEL TILES WORLD	NEFT INB: CNABDWOHJ8                              TRANSFER TO 3197944044306 / NOBEL TILES WORLD	NOBEL TILES WORLD	99922	"13,440.00"	 	"9,44,387.17"
02-Oct-20	02-Oct-20	   CSH DEP (CDM)-9092052786--	 / 	Cash	4292	 	"24,500.00"	"9,68,887.17"
02-Oct-20	02-Oct-20	   BULK POSTING-CR_TAMILNADU SANITARY STO             05549442  01--	 / 	CREDIT CARD SALES	16899	 	"12,417.03"	"9,81,304.20"
02-Oct-20	02-Oct-20	   CSH DEP (CDM)-9092052786--	 / 	Cash	4292	 	"13,000.00"	"9,94,304.20"
03-Oct-20	03-Oct-20	   TO TRANSFER-INB NEFT UTR NO: SBIN220277139606--NOVELTY	NEFT INB: CNABDXZVV6                              TRANSFER TO 3197944044306 / NOVELTY	NOVELTY	99922	"8,500.00"	 	"9,85,804.20"
03-Oct-20	03-Oct-20	   TO TRANSFER-INB NEFT UTR NO: SBIN220277141150--ARUNKUMAR MANOHARAN	NEFT INB: CNABDXZYA2                              TRANSFER TO 3197944044306 / ARUNKUMAR MANOHARAN	Audit Fee	99922	"5,000.00"	 	"9,80,804.20"
03-Oct-20	03-Oct-20	   TO TRANSFER-INB NEFT UTR NO: SBIN220277142104--NOBEL TILES WORLD	NEFT INB: CNABDXZXQ8                              TRANSFER TO 3197944044306 / NOBEL TILES WORLD	NOBEL TILES WORLD	99922	"15,000.00"	 	"9,65,804.20"
03-Oct-20	03-Oct-20	   BULK POSTING-CR_TAMILNADU SANITARY STO             05549442  02--	 / 	CREDIT CARD SALES	16899	 	"21,074.15"	"9,86,878.35"
03-Oct-20	03-Oct-20	BY CLEARING / CHEQUE-GPO   BY CLEARING CHQ 834787 MICR 600111006--834787	 / 834787	CLG	10395	 	"1,740.00"	"9,88,618.35"
04-Oct-20	04-Oct-20	   TO TRANSFER-INB NEFT UTR NO: SBIN220278907345--Madhup Distributors	NEFT INB: CNABDYUNC5                              TRANSFER TO 3197944044306 / Madhup Distributors	MADHUP DISTRIBUTORS	99922	"8,288.00"	 	"9,80,330.35"
04-Oct-20	04-Oct-20	   TO TRANSFER-INB NEFT UTR NO: SBIN220278908682--K M ASSOCIATES	NEFT INB: CNABDYUNF5                              TRANSFER TO 3197944044306 / K M ASSOCIATES	K.M.Associates	99922	"10,507.00"	 	"9,69,823.35"
04-Oct-20	04-Oct-20	   TO TRANSFER-INB NEFT UTR NO: SBIN220278907471--SHYAMS ENTERPRISES	NEFT INB: CNABDYUMV4                              TRANSFER TO 3197944044306 / SHYAMS ENTERPRISES	SHYAMS ENTERPRISES	99922	"3,505.00"	 	"9,66,318.35"
04-Oct-20	04-Oct-20	   TO TRANSFER-INB NEFT UTR NO: SBIN220278909675--D S Associates	NEFT INB: CNABDYUMY2                              TRANSFER TO 3197944044306 / D S Associates	D.S.Associates	99922	"16,351.00"	 	"9,49,967.35"
04-Oct-20	04-Oct-20	   TO TRANSFER-INB NEFT UTR NO: SBIN220278910302--FRIENDLY SERVICES	NEFT INB: CNABDYUOP4                              TRANSFER TO 3197944044306 / FRIENDLY SERVICES	FRIENDLY SERVICES	99922	"3,330.00"	 	"9,46,637.35"
04-Oct-20	04-Oct-20	   TO TRANSFER-INB NEFT UTR NO: SBIN220278909351--Shabbir Sanitary Stores	NEFT INB: CNABDYUQG8                              TRANSFER TO 3197944044306 / Shabbir Sanitary Stores	SHABBIR SANITARY STORES	99922	"1,104.00"	 	"9,45,533.35"
04-Oct-20	04-Oct-20	   TO TRANSFER-INB NEFT UTR NO: SBIN220278910677--K M CERAMICS	NEFT INB: CNABDYUPP5                              TRANSFER TO 3197944044306 / K M CERAMICS	K M CERAMICS	99922	"10,000.00"	 	"9,35,533.35"
04-Oct-20	04-Oct-20	   TO TRANSFER-INB NEFT UTR NO: SBIN220278910935--National Ceramic Centre	NEFT INB: CNABDYURY1                              TRANSFER TO 3197944044306 / National Ceramic Centre	NATIONAL CERAMIC CENTRE	99922	"9,770.00"	 	"9,25,763.35"
04-Oct-20	04-Oct-20	   TO TRANSFER-INB NEFT UTR NO: SBIN220278912026--Andavar Marketing PVT LTD	NEFT INB: CNABDYUPH6                              TRANSFER TO 3197944044306 / Andavar Marketing PVT LTD	Andavar Marketing Pvt. Ltd.	99922	"11,610.00"	 	"9,14,153.35"
04-Oct-20	04-Oct-20	   BULK POSTING-CR_TAMILNADU SANITARY STO             05549442  03--	 / 	CREDIT CARD SALES	16899	 	"7,940.96"	"9,22,094.31"
05-Oct-20	05-Oct-20	   CSH DEP (CDM)-9092052786--	 / 	Cash	4292	 	"25,500.00"	"9,47,594.31"
06-Oct-20	06-Oct-20	   CSH DEP (CDM)-9092052786--	 / 	Cash	4292	 	"7,000.00"	"9,54,594.31"
06-Oct-20	06-Oct-20	   BULK POSTING-CR_TAMILNADU SANITARY STO             05549442  05--	 / 	CREDIT CARD SALES	16899	 	"16,929.85"	"9,71,524.16"
06-Oct-20	06-Oct-20	BY CLEARING / CHEQUE-CBI   BY CLEARING CHQ 129345 MICR 600016030--129345	 / 129345	CLG	10395	 	"3,730.00"	"9,75,254.16"
06-Oct-20	06-Oct-20	   TO TRANSFER-INB NEFT UTR NO: SBIN420280745716--Mylapore Gardens Residents Associat	NEFT INB: CNABEBKNU1                              TRANSFER TO 3197944044306 / Mylapore Gardens Residents Associat	MYLAPORE GARDENS RESIDENTS ASSOCIATION	99922	"4,000.00"	 	"9,71,254.16"
06-Oct-20	06-Oct-20	   TO TRANSFER-INB Payment towards Invoice/Bill--	CTK9886486               TRANSFER TO 31054735034                           Mr. NOUSHAD  ABDUL SAL / 	NOUSHAD  ABDUL	99922	"14,500.00"	 	"9,56,754.16"
06-Oct-20	06-Oct-20	   TO TRANSFER-INB Salary Payment--	CTK9886542               TRANSFER TO 32950808735                           Mr. KASI  R / 	KASI	99922	"17,000.00"	 	"9,39,754.16"
07-Oct-20	07-Oct-20	   BULK POSTING-CR_TAMILNADU SANITARY STO             05549442  06--	 / 	CREDIT CARD SALES	16899	 	"4,603.36"	"9,44,357.52"
07-Oct-20	07-Oct-20	   BULK POSTING-CR_TAMILNADU SANITARY STO             05548442  06--	 / 	CREDIT CARD SALES	16899	 	"8,500.00"	"9,52,857.52"
07-Oct-20	07-Oct-20	   TO TRANSFER-INB NEFT UTR NO: SBIN520281833535--Andavar Marketing PVT LTD	NEFT INB: CNABECMCH5                              TRANSFER TO 3197944044306 / Andavar Marketing PVT LTD	Andavar Marketing Pvt. Ltd.	99922	"6,590.00"	 	"9,46,267.52"
07-Oct-20	07-Oct-20	   TO TRANSFER-INB NEFT UTR NO: SBIN520281836791--National Ceramic Centre	NEFT INB: CNABECMEJ5                              TRANSFER TO 3197944044306 / National Ceramic Centre	NATIONAL CERAMIC CENTRE	99922	"1,350.00"	 	"9,44,917.52"
07-Oct-20	07-Oct-20	   TO TRANSFER-INB NEFT UTR NO: SBIN520281842026--K M CERAMICS	NEFT INB: CNABECMFM3                              TRANSFER TO 3197944044306 / K M CERAMICS	K M CERAMICS	99922	"26,400.00"	 	"9,18,517.52"
07-Oct-20	07-Oct-20	   TO TRANSFER-INB NEFT UTR NO: SBIN520281843217--International Sales Corporation	NEFT INB: CNABECMHP1                              TRANSFER TO 3197944044306 / International Sales Corporation	INTERNATIONAL SALES CORPORATION	99922	"3,216.00"	 	"9,15,301.52"
07-Oct-20	07-Oct-20	   TO TRANSFER-INB NEFT UTR NO: SBIN520281844842--AJANTHA BATHROOM PRODUCTS AND PIPES	NEFT INB: CNABECMKJ4                              TRANSFER TO 3197944044306 / AJANTHA BATHROOM PRODUCTS AND PIPES	AJANTHA BATHROOM PRODUCTS AND PIPES	99922	"10,006.00"	 	"9,05,295.52"
07-Oct-20	07-Oct-20	   TO TRANSFER-INB NEFT UTR NO: SBIN520281848270--ENFIELD TILES	NEFT INB: CNABECMKW4                              TRANSFER TO 3197944044306 / ENFIELD TILES	ENFIELD TILES	99922	"5,257.00"	 	"9,00,038.52"
07-Oct-20	07-Oct-20	   TO TRANSFER-INB NEFT UTR NO: SBIN520281850699--LEGEND	NEFT INB: CNABECMLN3                              TRANSFER TO 3197944044306 / LEGEND	LEGEND	99922	"10,926.00"	 	"8,89,112.52"
07-Oct-20	07-Oct-20	   TO TRANSFER-INB NEFT UTR NO: SBIN520281854015--GUPTA SALES CORPORATION	NEFT INB: CNABECMOP0                              TRANSFER TO 3197944044306 / GUPTA SALES CORPORATION	GUPTA SALES CORPORATION	99922	"3,384.00"	 	"8,85,728.52"
07-Oct-20	07-Oct-20	   TO TRANSFER-INB NEFT UTR NO: SBIN520281857571--NOBEL TILES WORLD	NEFT INB: CNABECMQC9                              TRANSFER TO 3197944044306 / NOBEL TILES WORLD	NOBEL TILES WORLD	99922	"14,705.00"	 	"8,71,023.52"
08-Oct-20	08-Oct-20	   CSH DEP (CDM)-9092052786--	 / 	Cash	4292	 	"4,500.00"	"8,75,523.52"
08-Oct-20	08-Oct-20	   CSH DEP (CDM)-9092052786--	 / 	Cash	4292	 	"13,000.00"	"8,88,523.52"
09-Oct-20	09-Oct-20	   BULK POSTING-CR_TAMILNADU SANITARY STO             05549442  08--	 / 	CREDIT CARD SALES	16899	 	"6,940.00"	"8,95,463.52"
09-Oct-20	09-Oct-20	BY CLEARING / CHEQUE-INB   BY CLEARING CHQ 841601 MICR 600019092--841601	 / 841601	CLG	10395	 	"5,500.00"	"9,00,963.52"
10-Oct-20	10-Oct-20	   CSH DEP (CDM)-9092052786--	 / 	Cash	4292	 	"20,600.00"	"9,21,563.52"
10-Oct-20	10-Oct-20	   BULK POSTING-CR_TAMILNADU SANITARY STO             05548442  09--	 / 	CREDIT CARD SALES	16899	 	"5,266.19"	"9,26,829.71"
10-Oct-20	10-Oct-20	   BULK POSTING-CR_TAMILNADU SANITARY STO             05549442  09--	 / 	CREDIT CARD SALES	16899	 	"9,950.41"	"9,36,780.12"
11-Oct-20	11-Oct-20	   TO TRANSFER-INB NEFT UTR NO: SBIN320285912585--Andavar Marketing PVT LTD	NEFT INB: CNABEFYVY8                              TRANSFER TO 3197944044306 / Andavar Marketing PVT LTD	Andavar Marketing Pvt. Ltd.	99922	"24,091.00"	 	"9,12,689.12"
11-Oct-20	11-Oct-20	   TO TRANSFER-INB NEFT UTR NO: SBIN320285912718--TRISHLA CORPORATION	NEFT INB: CNABEFYVM6                              TRANSFER TO 3197944044306 / TRISHLA CORPORATION	TRISHLA CORPORATION	99922	"2,013.00"	 	"9,10,676.12"
11-Oct-20	11-Oct-20	   TO TRANSFER-INB Payment towards Invoice/Bill--	CTL0526164               TRANSFER TO 57002369188                           NELLAI CERAMIC CENTRE / 	NELLAI CERAMIC CENTRE	99922	"11,717.00"	 	"8,98,959.12"
11-Oct-20	11-Oct-20	   TO TRANSFER-INB NEFT UTR NO: SBIN320285913027--D S Associates	NEFT INB: CNABEFYVQ0                              TRANSFER TO 3197944044306 / D S Associates	D.S.Associates	99922	"14,577.00"	 	"8,84,382.12"
11-Oct-20	11-Oct-20	   TO TRANSFER-INB NEFT UTR NO: SBIN320285913660--K M ASSOCIATES	NEFT INB: CNABEFYWT2                              TRANSFER TO 3197944044306 / K M ASSOCIATES	K.M.Associates	99922	"7,496.00"	 	"8,76,886.12"
11-Oct-20	11-Oct-20	   TO TRANSFER-INB NEFT UTR NO: SBIN320285913121--NOBEL TILES WORLD	NEFT INB: CNABEFYWK5                              TRANSFER TO 3197944044306 / NOBEL TILES WORLD	NOBEL TILES WORLD	99922	"15,620.00"	 	"8,61,266.12"
11-Oct-20	11-Oct-20	   TO TRANSFER-INB NEFT UTR NO: SBIN320285913909--ASHOK SANITARY WARE	NEFT INB: CNABEFYYB4                              TRANSFER TO 3197944044306 / ASHOK SANITARY WARE	ASHOK SANITARY WARE	99922	"1,845.00"	 	"8,59,421.12"
11-Oct-20	11-Oct-20	   TO TRANSFER-INB NEFT UTR NO: SBIN320285913197--ABHIVAIRAVANS PLUMBING CO	NEFT INB: CNABEFYXM1                              TRANSFER TO 3197944044306 / ABHIVAIRAVANS PLUMBING CO	ABHIVAIRAVANS PLUMBING	99922	"2,273.00"	 	"8,57,148.12"
11-Oct-20	11-Oct-20	   TO TRANSFER-INB ICICI_CC Payments--	SSBI9316820255CHE6423132               TRANSFER TO 3199622162093 / 	ICICI CREDIT CARD	99922	"5,000.00"	 	"8,52,148.12"
11-Oct-20	11-Oct-20	   BULK POSTING-CR_TAMILNADU SANITARY STO             05549442  10--	 / 	CREDIT CARD SALES	16899	 	"3,900.00"	"8,56,048.12"
11-Oct-20	11-Oct-20	   BULK POSTING-CR_TAMILNADU SANITARY STO             05548442  10--	 / 	CREDIT CARD SALES	16899	 	"2,473.45"	"8,58,521.57"
12-Oct-20	12-Oct-20	   BY TRANSFER-INB IMPS028612268443/9884551426/XX4609/MB Tiles--	MAB000565407523          MAB000565407523          TRANSFER FROM 4897953162099 / 	CLG	99922	 	"3,000.00"	"8,61,521.57"
13-Oct-20	13-Oct-20	   BULK POSTING-CR_TAMILNADU SANITARY STO             05549442  12--	 / 	CREDIT CARD SALES	16899	 	"1,400.00"	"8,62,921.57"
13-Oct-20	13-Oct-20	BY CLEARING / CHEQUE-HDF   BY CLEARING CHQ 234380 MICR 600240002--234380	 / 234380	CLG	10395	 	576	"8,63,497.57"
13-Oct-20	13-Oct-20	   CASH DEPOSIT-CASH DEPOSIT SELF--	 / 	Cash	40236	 	"38,000.00"	"9,01,497.57"
14-Oct-20	14-Oct-20	   BULK POSTING-CR_TAMILNADU SANITARY STO             05549442  13--	 / 	CREDIT CARD SALES	16899	 	"30,630.12"	"9,32,127.69"
14-Oct-20	14-Oct-20	   TO TRANSFER-INB--	11351142459CHE6662455               TRANSFER TO 4599564162093 / 	CLG	99922	"6,294.00"	 	"9,25,833.69"
14-Oct-20	14-Oct-20	   CASH DEPOSIT-CASH DEPOSIT SELF--	 / 	Cash	40236	 	"29,000.00"	"9,54,833.69"
15-Oct-20	15-Oct-20	   BULK POSTING-CR_TAMILNADU SANITARY STO             05549442  14--	 / 	CREDIT CARD SALES	16899	 	"14,286.66"	"9,69,120.35"
15-Oct-20	15-Oct-20	   CSH DEP (CDM)-9092052786--	 / 	Cash	4292	 	"10,000.00"	"9,79,120.35"
16-Oct-20	16-Oct-20	   BULK POSTING-CR_TAMILNADU SANITARY STO             05549442  15--	 / 	CREDIT CARD SALES	16899	 	"1,992.00"	"9,81,112.35"
16-Oct-20	16-Oct-20	   BY TRANSFER-INB IMPS029011627886/9840251125/XX0307/Payment ag--	MAC000578475753          MAC000578475753          TRANSFER FROM 4898016162098 / 	CLG	99922	 	"8,150.00"	"9,89,262.35"
16-Oct-20	16-Oct-20	   CSH DEP (CDM)-9092052786--	 / 	Cash	4292	 	"4,500.00"	"9,93,762.35"
17-Oct-20	17-Oct-20	   TO TRANSFER-INB NEFT UTR NO: SBIN320291941602--ABHIVAIRAVANS PLUMBING CO	NEFT INB: CNABELEET2                              TRANSFER TO 3197944044306 / ABHIVAIRAVANS PLUMBING CO	ABHIVAIRAVANS PLUMBING	99922	"3,383.00"	 	"9,90,379.35"
17-Oct-20	17-Oct-20	   TO TRANSFER-INB NEFT UTR NO: SBIN320291943747--Oriental Trading Co	NEFT INB: CNABELEGS1                              TRANSFER TO 3197944044306 / Oriental Trading Co	ORIENTAL TRADING CO.	99922	"10,471.00"	 	"9,79,908.35"
17-Oct-20	17-Oct-20	   TO TRANSFER-INB NEFT UTR NO: SBIN320291944736--SHYAMS ENTERPRISES	NEFT INB: CNABELEHA5                              TRANSFER TO 3197944044306 / SHYAMS ENTERPRISES	SHYAMS ENTERPRISES	99922	"4,082.00"	 	"9,75,826.35"
17-Oct-20	17-Oct-20	   TO TRANSFER-INB NEFT UTR NO: SBIN320291945149--MANGALAM SANITARY	NEFT INB: CNABELEJQ3                              TRANSFER TO 3197944044306 / MANGALAM SANITARY	MANGALAM SANITARY	99922	"11,335.00"	 	"9,64,491.35"
17-Oct-20	17-Oct-20	   TO TRANSFER-INB NEFT UTR NO: SBIN320291946147--Shiv Shakti Agencies	NEFT INB: CNABELEJY6                              TRANSFER TO 3197944044306 / Shiv Shakti Agencies	Shiv Shakti Agencies	99922	"8,694.00"	 	"9,55,797.35"
17-Oct-20	17-Oct-20	   TO TRANSFER-INB NEFT UTR NO: SBIN320291946486--AJANTHA BATHROOM PRODUCTS AND PIPES	NEFT INB: CNABELEKE1                              TRANSFER TO 3197944044306 / AJANTHA BATHROOM PRODUCTS AND PIPES	AJANTHA BATHROOM PRODUCTS AND PIPES	99922	"14,818.00"	 	"9,40,979.35"
17-Oct-20	17-Oct-20	   TO TRANSFER-INB NEFT UTR NO: SBIN320291947014--K N Industries	NEFT INB: CNABELEMC1                              TRANSFER TO 3197944044306 / K N Industries	K.N.Industries	99922	"3,000.00"	 	"9,37,979.35"
17-Oct-20	17-Oct-20	   TO TRANSFER-INB NEFT UTR NO: SBIN320291947650--K M ASSOCIATES	NEFT INB: CNABELELR0                              TRANSFER TO 3197944044306 / K M ASSOCIATES	K.M.Associates	99922	"7,752.00"	 	"9,30,227.35"
17-Oct-20	17-Oct-20	   BULK POSTING-CR_TAMILNADU SANITARY STO             05549442  16--	 / 	CREDIT CARD SALES	16899	 	"23,058.16"	"9,53,285.51"
17-Oct-20	17-Oct-20	   CSH DEP (CDM)-9092052786--	 / 	Cash	4292	 	"25,500.00"	"9,78,785.51"
17-Oct-20	17-Oct-20	   CSH DEP (CDM)-9092052786--	 / 	Cash	4292	 	"10,000.00"	"9,88,785.51"
17-Oct-20	17-Oct-20	BY CLEARING / CHEQUE-FBL   BY CLEARING CHQ 131557 MICR 600049005--131557	 / 131557	CLG	10395	 	"8,800.00"	"9,97,585.51"
17-Oct-20	17-Oct-20	   BY TRANSFER-NEFT*IDIB000B027*IDIBH20291406487*BRS CONSTRUCTION--	TRANSFER FROM 3199680044308 / 	CLG	4430	 	"11,600.00"	"10,09,185.51"
18-Oct-20	18-Oct-20	   BULK POSTING-CR_TAMILNADU SANITARY STO             05549442  17--	 / 	CREDIT CARD SALES	16899	 	"9,278.90"	"10,18,464.41"
18-Oct-20	18-Oct-20	   TO TRANSFER-INB NEFT UTR NO: SBIN420292588012--K M CERAMICS	NEFT INB: CNABEMACD1                              TRANSFER TO 3197944044306 / K M CERAMICS	K M CERAMICS	99922	"9,000.00"	 	"10,09,464.41"
18-Oct-20	18-Oct-20	   TO TRANSFER-INB Payment towards Invoice/Bill--	CTL1334083               TRANSFER TO 32423647359                           ARAVIND CERAMICS PRIVA / 	ARAVIND CERAMICS PRIVA	99922	"5,660.00"	 	"10,03,804.41"
19-Oct-20	19-Oct-20	   CSH DEP (CDM)-9092052786--	 / 	Cash	4292	 	"14,000.00"	"10,17,804.41"
19-Oct-20	19-Oct-20	   TO TRANSFER-INB NEFT UTR NO: SBIN420293699528--OM SAKTHI TRADERS	NEFT INB: CNABEMFGU8                              TRANSFER TO 3197944044306 / OM SAKTHI TRADERS	OM SAKTHI TRADERS	99922	"2,520.00"	 	"10,15,284.41"
19-Oct-20	19-Oct-20	   TO TRANSFER-INB NEFT UTR NO: SBIN420293699989--Rahman Sanitary and Tiles	NEFT INB: CNABEMFIK0                              TRANSFER TO 3197944044306 / Rahman Sanitary and Tiles	Rahman Sanitary & Tiles	99922	"5,343.00"	 	"10,09,941.41"
19-Oct-20	19-Oct-20	   TO TRANSFER-INB NEFT UTR NO: SBIN420293837957--Andavar Marketing PVT LTD	NEFT INB: CNABEMLYY2                              TRANSFER TO 3197944044306 / Andavar Marketing PVT LTD	Andavar Marketing Pvt. Ltd.	99922	"12,791.00"	 	"9,97,150.41"
19-Oct-20	19-Oct-20	   TO TRANSFER-INB NEFT UTR NO: SBIN420293841396--Oriental Trading Co	NEFT INB: CNABEMMBJ7                              TRANSFER TO 3197944044306 / Oriental Trading Co	ORIENTAL TRADING CO.	99922	"5,664.00"	 	"9,91,486.41"
19-Oct-20	19-Oct-20	   BULK POSTING-CR_TAMILNADU SANITARY STO             05549442  18--	 / 	CREDIT CARD SALES	16899	 	318.72	"9,91,805.13"
19-Oct-20	19-Oct-20	   TO TRANSFER-INB NEFT UTR NO: SBIN420293842692--K M CERAMICS	NEFT INB: CNABEMMCU2                              TRANSFER TO 3197944044306 / K M CERAMICS	K M CERAMICS	99922	"19,400.00"	 	"9,72,405.13"
19-Oct-20	19-Oct-20	   TO TRANSFER-INB NEFT UTR NO: SBIN420293845620--NOBEL TILES WORLD	NEFT INB: CNABEMMHG4                              TRANSFER TO 3197944044306 / NOBEL TILES WORLD	NOBEL TILES WORLD	99922	"21,370.00"	 	"9,51,035.13"
19-Oct-20	19-Oct-20	BY CLEARING / CHEQUE-CBI   BY CLEARING CHQ 132113 MICR 600016030--132113	 / 132113	CLG	10395	 	"19,381.00"	"9,70,416.13"
19-Oct-20	19-Oct-20	   CASH DEPOSIT-CASH DEPOSIT SELF--	 / 	Cash	40236	 	"5,000.00"	"9,75,416.13"
19-Oct-20	19-Oct-20	   BY TRANSFER-NEFT*PUNB0252300*PUNBH20293932742*ELECTROSTEEL CAS--	TRANSFER FROM 3199424044303 / 	CLG	4430	 	"7,680.00"	"9,83,096.13"
20-Oct-20	20-Oct-20	   TO TRANSFER-INB--	109993968620CHE7127819               TRANSFER TO 4599225162090 / 	CLG	99922	"1,636.66"	 	"9,81,459.47"
20-Oct-20	20-Oct-20	   TO TRANSFER-INB--	109993970552CHE7128300               TRANSFER TO 4599224162091 / 	CLG	99922	"1,306.26"	 	"9,80,153.21"
20-Oct-20	20-Oct-20	   BULK POSTING-CR_TAMILNADU SANITARY STO             05549442  19--	 / 	CREDIT CARD SALES	16899	 	"1,406.32"	"9,81,559.53"
20-Oct-20	20-Oct-20	   CASH DEPOSIT-CASH DEPOSIT SELF--	 / 	Cash	40236	 	"6,500.00"	"9,88,059.53"
20-Oct-20	20-Oct-20	   TO TRANSFER-INB--	20103300456640CKO1861385               TRANSFER TO 36959637023                           POOLING ACCOUNT GST-MM / 	GST Payable	99922	"30,888.00"	 	"9,57,171.53"
21-Oct-20	21-Oct-20	   BULK POSTING-CR_TAMILNADU SANITARY STO             05549442  20--	 / 	CREDIT CARD SALES	16899	 	"4,144.68"	"9,61,316.21"
21-Oct-20	21-Oct-20	   CASH DEPOSIT-CASH DEPOSIT SELF--	 / 	Cash	40236	 	"17,000.00"	"9,78,316.21"
22-Oct-20	22-Oct-20	TO CLEARING-HDF   TNEB   FORESHORE ESTATE--116689	 / 116689	CLG	10395	"7,548.00"	 	"9,70,768.21"
22-Oct-20	22-Oct-20	   TO TRANSFER-INB NEFT UTR NO: SBIN220296396342--NOVELTY	NEFT INB: CNABEPCXI1                              TRANSFER TO 3197944044306 / NOVELTY	NOVELTY	99922	"10,297.00"	 	"9,60,471.21"
22-Oct-20	22-Oct-20	   TO TRANSFER-INB NEFT UTR NO: SBIN220296397259--AJANTHA BATHROOM PRODUCTS AND PIPES	NEFT INB: CNABEPCXQ6                              TRANSFER TO 3197944044306 / AJANTHA BATHROOM PRODUCTS AND PIPES	AJANTHA BATHROOM PRODUCTS AND PIPES	99922	"12,277.00"	 	"9,48,194.21"
22-Oct-20	22-Oct-20	   TO TRANSFER-INB NEFT UTR NO: SBIN220296399086--TRISHLA AGENCIES	NEFT INB: CNABEPDCK8                              TRANSFER TO 3197944044306 / TRISHLA AGENCIES	TRISHLA AGENCIES	99922	"5,314.00"	 	"9,42,880.21"
22-Oct-20	22-Oct-20	   TO TRANSFER-INB NEFT UTR NO: SBIN220296399465--NOBEL TILES WORLD	NEFT INB: CNABEPDCU4                              TRANSFER TO 3197944044306 / NOBEL TILES WORLD	NOBEL TILES WORLD	99922	"15,100.00"	 	"9,27,780.21"
22-Oct-20	22-Oct-20	   TO TRANSFER-INB NEFT UTR NO: SBIN220296399778--Sri Ganapathy Enterprises	NEFT INB: CNABEPDDP1                              TRANSFER TO 3197944044306 / Sri Ganapathy Enterprises	SRI GANAPATHY ENTERPRISES	99922	"4,488.00"	 	"9,23,292.21"
22-Oct-20	22-Oct-20	   TO TRANSFER-INB NEFT UTR NO: SBIN220296401161--National Ceramic Centre	NEFT INB: CNABEPDGX8                              TRANSFER TO 3197944044306 / National Ceramic Centre	NATIONAL CERAMIC CENTRE	99922	"11,970.00"	 	"9,11,322.21"
22-Oct-20	22-Oct-20	   TO TRANSFER-INB NEFT UTR NO: SBIN220296406973--K M CERAMICS	NEFT INB: CNABEPDTN5                              TRANSFER TO 3197944044306 / K M CERAMICS	K M CERAMICS	99922	"3,630.00"	 	"9,07,692.21"
22-Oct-20	22-Oct-20	   TO TRANSFER-INB NEFT UTR NO: SBIN220296409295--Andavar Marketing PVT LTD	NEFT INB: CNABEPDVS8                              TRANSFER TO 3197944044306 / Andavar Marketing PVT LTD	Andavar Marketing Pvt. Ltd.	99922	"26,691.00"	 	"8,81,001.21"
22-Oct-20	22-Oct-20	   BULK POSTING-CR_TAMILNADU SANITARY STO             05549442  21--	 / 	CREDIT CARD SALES	16899	 	"24,882.91"	"9,05,884.12"
23-Oct-20	23-Oct-20	   CSH DEP (CDM)-9092052786--	 / 	Cash	4292	 	"31,500.00"	"9,37,384.12"
23-Oct-20	23-Oct-20	   BY TRANSFER-UPI/CR/029702113433/SUFIYAN /ICIC/9003121847/Gopal--	TRANSFER FROM 5099164162095 / 	CLG	40236	 	"3,700.00"	"9,41,084.12"
24-Oct-20	24-Oct-20	   TO TRANSFER-INB NEFT UTR NO: SBIN420298526777--Sattar Sanitary Stores	NEFT INB: CNABERDYI1                              TRANSFER TO 3197944044306 / Sattar Sanitary Stores	SATTAR SANITARY STORES	99922	"16,426.00"	 	"9,24,658.12"
24-Oct-20	24-Oct-20	   TO TRANSFER-INB NEFT UTR NO: SBIN420298527827--GUPTA SALES CORPORATION	NEFT INB: CNABERDXW7                              TRANSFER TO 3197944044306 / GUPTA SALES CORPORATION	GUPTA SALES CORPORATION	99922	"5,695.00"	 	"9,18,963.12"
24-Oct-20	24-Oct-20	   TO TRANSFER-INB NEFT UTR NO: SBIN420298528032--D S Associates	NEFT INB: CNABERDYC0                              TRANSFER TO 3197944044306 / D S Associates	D.S.Associates	99922	"24,959.00"	 	"8,94,004.12"
24-Oct-20	24-Oct-20	   TO TRANSFER-INB NEFT UTR NO: SBIN420298528285--Sri Kesava Traders	NEFT INB: CNABERDZO6                              TRANSFER TO 3197944044306 / Sri Kesava Traders	SRI KESAVA TRADERS	99922	"7,171.00"	 	"8,86,833.12"
24-Oct-20	24-Oct-20	   TO TRANSFER-INB NEFT UTR NO: SBIN420298529059--SHYAMS ENTERPRISES	NEFT INB: CNABEREAS4                              TRANSFER TO 3197944044306 / SHYAMS ENTERPRISES	SHYAMS ENTERPRISES	99922	"3,860.00"	 	"8,82,973.12"
24-Oct-20	24-Oct-20	   TO TRANSFER-INB NEFT UTR NO: SBIN420298528660--MANGALAM SANITARY	NEFT INB: CNABEREAW6                              TRANSFER TO 3197944044306 / MANGALAM SANITARY	MANGALAM SANITARY	99922	"9,420.00"	 	"8,73,553.12"
24-Oct-20	24-Oct-20	   TO TRANSFER-INB NEFT UTR NO: SBIN420298528796--Lakshmi Hayagrivaa Maarketing	NEFT INB: CNABEREBD4                              TRANSFER TO 3197944044306 / Lakshmi Hayagrivaa Maarketing	LAKSHMI HAYAGRIVAA MARKETING	99922	"5,896.00"	 	"8,67,657.12"
24-Oct-20	24-Oct-20	   TO TRANSFER-INB NEFT UTR NO: SBIN420298531331--G Shanmugam Traders	NEFT INB: CNABEREEG1                              TRANSFER TO 3197944044306 / G Shanmugam Traders	G SHANMUGAM TRADERS	99922	"4,002.00"	 	"8,63,655.12"
24-Oct-20	24-Oct-20	   TO TRANSFER-INB NEFT UTR NO: SBIN420298531774--FRIENDLY SERVICES	NEFT INB: CNABEREFI3                              TRANSFER TO 3197944044306 / FRIENDLY SERVICES	FRIENDLY SERVICES	99922	"1,461.00"	 	"8,62,194.12"
26-Oct-20	26-Oct-20	   CSH DEP (CDM)-9092052786--	 / 	Cash	4292	 	"16,500.00"	"8,78,694.12"
26-Oct-20	26-Oct-20	BY CLEARING / CHEQUE-INB   BY CLEARING CHQ 909500 MICR 600019013--909500	 / 909500	CLG	10395	 	960	"8,79,654.12"
26-Oct-20	26-Oct-20	BY CLEARING / CHEQUE-HDF   BY CLEARING CHQ 234426 MICR 600240002--234426	 / 234426	CLG	10395	 	"10,452.00"	"8,90,106.12"
27-Oct-20	27-Oct-20	   TO TRANSFER-INB NEFT UTR NO: SBIN520301463408--Oriental Trading Co	NEFT INB: CNABESPZG5                              TRANSFER TO 3197944044306 / Oriental Trading Co	ORIENTAL TRADING CO.	99922	"11,328.00"	 	"8,78,778.12"
27-Oct-20	27-Oct-20	   TO TRANSFER-INB Payment towards Invoice/Bill--	CTL2262218               TRANSFER TO 57002369188                           NELLAI CERAMIC CENTRE / 	NELLAI CERAMIC CENTRE	99922	"3,710.00"	 	"8,75,068.12"
27-Oct-20	27-Oct-20	   TO TRANSFER-INB NEFT UTR NO: SBIN520301466991--OM SAKTHI TRADERS	NEFT INB: CNABESQDJ5                              TRANSFER TO 3197944044306 / OM SAKTHI TRADERS	OM SAKTHI TRADERS	99922	"2,242.00"	 	"8,72,826.12"
27-Oct-20	27-Oct-20	   TO TRANSFER-INB NEFT UTR NO: SBIN520301468259--Andavar Marketing PVT LTD	NEFT INB: CNABESQFA7                              TRANSFER TO 3197944044306 / Andavar Marketing PVT LTD	Andavar Marketing Pvt. Ltd.	99922	"15,380.00"	 	"8,57,446.12"
27-Oct-20	27-Oct-20	   BULK POSTING-CR_TAMILNADU SANITARY STO             05549442  26--	 / 	CREDIT CARD SALES	16899	 	"1,453.81"	"8,58,899.93"
28-Oct-20	28-Oct-20	   CASH DEPOSIT-CASH DEPOSIT SELF--	 / 	Cash	40236	 	"23,500.00"	"8,82,399.93"
28-Oct-20	28-Oct-20	BY CLEARING / CHEQUE-INB   BY CLEARING CHQ 543180 MICR 600019035--543180	 / 543180	CLG	10395	 	"2,300.00"	"8,84,699.93"
28-Oct-20	28-Oct-20	BY CLEARING / CHEQUE-ICI   BY CLEARING CHQ 052203 MICR 600229017--52203	 / 52203	CLG	10395	 	"1,650.00"	"8,86,349.93"
28-Oct-20	28-Oct-20	BY CLEARING / CHEQUE-KVB   BY CLEARING CHQ 004013 MICR 600053008--4013	 / 4013	CLG	10395	 	"2,046.00"	"8,88,395.93"
30-Oct-20	30-Oct-20	   BY TRANSFER-UPI/CR/030409717188/GOWRI SH/UBIN/gowrida@ok/Adyar--	TRANSFER FROM 4898979162092 / 	CLG	40236	 	100	"8,88,495.93"
30-Oct-20	30-Oct-20	   BY TRANSFER-UPI/CR/030417782991/GOWRI SH/UBIN/gowrida@ok/Tiles--	TRANSFER FROM 5098584162093 / 	CLG	40236	 	"6,000.00"	"8,94,495.93"
31-Oct-20	31-Oct-20	   BULK POSTING-CR_TAMILNADU SANITARY STO             05549442  30--	 / 	CREDIT CARD SALES	16899	 	"20,479.62"	"9,14,975.55"
31-Oct-20	31-Oct-20	BY CLEARING / CHEQUE-CBI   BY CLEARING CHQ 022179 MICR 600016003--22179	 / 22179	CLG	10395	 	"8,050.00"	"9,23,025.55"
31-Oct-20	31-Oct-20	BY CLEARING / CHEQUE-BOB   BY CLEARING CHQ 011879 MICR 600012009--11879	 / 11879	CLG	10395	 	"1,864.00"	"9,24,889.55"
31-Oct-20	31-Oct-20	   TO TRANSFER-INB NEFT UTR NO: SBIN420305361974--Sattar Sanitary Stores	NEFT INB: CNABEWSIN1                              TRANSFER TO 3197944044306 / Sattar Sanitary Stores	SATTAR SANITARY STORES	99922	"4,518.00"	 	"9,20,371.55"
31-Oct-20	31-Oct-20	   TO TRANSFER-INB NEFT UTR NO: SBIN420305365205--ABHIVAIRAVANS PLUMBING CO	NEFT INB: CNABEWSJT2                              TRANSFER TO 3197944044306 / ABHIVAIRAVANS PLUMBING CO	ABHIVAIRAVANS PLUMBING	99922	"12,679.00"	 	"9,07,692.55"
31-Oct-20	31-Oct-20	   TO TRANSFER-INB NEFT UTR NO: SBIN420305365922--D S Associates	NEFT INB: CNABEWSJK4                              TRANSFER TO 3197944044306 / D S Associates	D.S.Associates	99922	"17,977.00"	 	"8,89,715.55"
31-Oct-20	31-Oct-20	   TO TRANSFER-INB NEFT UTR NO: SBIN420305373187--SHYAMS ENTERPRISES	NEFT INB: CNABEWSME8                              TRANSFER TO 3197944044306 / SHYAMS ENTERPRISES	SHYAMS ENTERPRISES	99922	"4,487.00"	 	"8,85,228.55"
31-Oct-20	31-Oct-20	   TO TRANSFER-INB NEFT UTR NO: SBIN420305377139--Parmeeth Distributors	NEFT INB: CNABEWSND9                              TRANSFER TO 3197944044306 / Parmeeth Distributors	Parmeeth Distributors	99922	"1,460.00"	 	"8,83,768.55"
31-Oct-20	31-Oct-20	   TO TRANSFER-INB NEFT UTR NO: SBIN420305386748--PROVIDENT MARKETING	NEFT INB: CNABEWSRN4                              TRANSFER TO 3197944044306 / PROVIDENT MARKETING	PROVIDENT MARKETING	99922	"4,844.00"	 	"8,78,924.55"
31-Oct-20	31-Oct-20	   TO TRANSFER-INB NEFT UTR NO: SBIN420305411015--K M ASSOCIATES	NEFT INB: CNABEWTBV2                              TRANSFER TO 3197944044306 / K M ASSOCIATES	K.M.Associates	99922	"8,854.00"	 	"8,70,070.55"
31-Oct-20	31-Oct-20	   TO TRANSFER-INB NEFT UTR NO: SBIN420305413304--K M ASSOCIATES	NEFT INB: CNABEWTEH9                              TRANSFER TO 3197944044306 / K M ASSOCIATES	K.M.Associates	99922	"7,176.00"	 	"8,62,894.55"
31-Oct-20	31-Oct-20	   BY TRANSFER-NEFT*KKBK0000958*KKBKH20305882810*S  MANIKKAVELAYU--	TRANSFER FROM 3199960044301 / 	CLG	4430	 	"3,410.00"	"8,66,304.55"
